<?xml version="1.0" ?><OAI-PMH xmlns="http://www.openarchives.org/OAI/2.0/" xmlns:xsi="http://www.w3.org/2001/XMLSchema-instance" xsi:schemaLocation="http://www.openarchives.org/OAI/2.0/ http://www.openarchives.org/OAI/2.0/OAI-PMH.xsd">
  <responseDate>2024-11-20T18:26:43Z</responseDate>
  <request resumptionToken="1900-01-01@all@UNIGE_ALL@marc21@5986589810005502" verb="ListRecords">https://slsp-unige.alma.exlibrisgroup.com/view/oai/41SLSP_UGE/request</request>
<ListRecords><record><header><identifier>oai:alma.41SLSP_UGE:991000096319705502</identifier><datestamp>2023-04-08T00:22:53Z</datestamp><setSpec>uge_bcen_RapidILL_BOOK</setSpec><setSpec>uge_aaca_RapidILL_BOOK</setSpec><setSpec>uge_abels_RapidILL_BOOK</setSpec><setSpec>uge_dbu_RapidILL_BOOK</setSpec><setSpec>uge_cmu_RapidILL_BOOK</setSpec><setSpec>uge_mail_RapidILL_BOOK</setSpec><setSpec>uge_abbat_RapidILL_BOOK</setSpec><setSpec>UNIGE_ALL</setSpec><setSpec>uge_acar_RapidILL_BOOK</setSpec><setSpec>uge_aobs_RapidILL_BOOK</setSpec></header><metadata>
<record xmlns="http://www.loc.gov/MARC21/slim" xmlns:xsi="http://www.w3.org/2001/XMLSchema-instance" xsi:schemaLocation="http://www.loc.gov/MARC21/slim http://www.loc.gov/standards/marcxml/schema/MARC21slim.xsd"><leader>04625nam a2200565 c 4500</leader><controlfield tag="001">991000096319705502</controlfield><controlfield tag="005">20230407201634.0</controlfield><controlfield tag="008">060203s2005    fr ||||| |||| 10| ||fre d</controlfield><datafield ind1=" " ind2=" " tag="020"><subfield code="a">2847950621</subfield></datafield><datafield ind1=" " ind2=" " tag="035"><subfield code="a">(swissbib)102927189-41slsp_network</subfield></datafield><datafield ind1=" " ind2=" " tag="035"><subfield code="a">102927189</subfield><subfield code="9">ExL</subfield></datafield><datafield ind1=" " ind2=" " tag="035"><subfield code="a">(RERO)R003985784-41slsp</subfield></datafield><datafield ind1=" " ind2=" " tag="035"><subfield code="a">(EXLNZ-41SLSP_NETWORK)991161006389705501</subfield></datafield><datafield ind1=" " ind2=" " tag="040"><subfield code="a">RERO geufpe</subfield><subfield code="d">CH-ZuSLS</subfield></datafield><datafield ind1=" " ind2="7" tag="072"><subfield code="a">ps</subfield><subfield code="2">rero</subfield></datafield><datafield ind1="0" ind2="0" tag="245"><subfield code="a">Grandir</subfield></datafield><datafield ind1=" " ind2="1" tag="264"><subfield code="a">Le Bouscat</subfield><subfield code="b">L'Esprit du temps</subfield><subfield code="c">2005</subfield></datafield><datafield ind1=" " ind2=" " tag="300"><subfield code="a">103 p.</subfield><subfield code="c">24 cm</subfield></datafield><datafield ind1=" " ind2=" " tag="336"><subfield code="b">txt</subfield><subfield code="2">rdacontent</subfield></datafield><datafield ind1=" " ind2=" " tag="337"><subfield code="b">n</subfield><subfield code="2">rdamedia</subfield></datafield><datafield ind1=" " ind2=" " tag="338"><subfield code="b">nc</subfield><subfield code="2">rdacarrier</subfield></datafield><datafield ind1="1" ind2=" " tag="490"><subfield code="a">Topique</subfield><subfield code="v">2005, no 93</subfield></datafield><datafield ind1="0" ind2=" " tag="505"><subfield code="a">Grandir jusqu'à la mort ? A propos de M. Balint &quot;The psychological problems of growing old&quot; / Michelle Moreau Ricaud - Grandir : de l'achèvement à l'inachèvement / Guy Roger - Le temps de grandir. Psychanalyse et précarité : une expérience dans une banlieu de Lima / Bibiana Maza - Être solidaire pour &quot;faire grandir les enfants&quot; : expériences collectives dans les quartiers d'habitat social / Joëlle Bordet - L'effort pour ne pas grandir : maintien de la dépendance à la mère chez l'adolescente / Marie-Claude Suant - Vers une esthétique du non-grandir : de la souffrance du désir au désir du nostos / Chantal Brunot - Les humours adolescentes / Jean-Pierre Kamieniak - L'enfant jumeau et son devenir : indifférenciation et subjectivation dans le lien sororal / Florian Houssier</subfield></datafield><datafield ind1="8" ind2=" " tag="520"><subfield code="a">Le terme de &quot;grandir&quot; interroge la dimension de l'Idéal comme celle du Temps dans la problématique plus large du &quot;projet&quot;. Quant au fait de grandir comme phénomène, loin d'être considéré comme normal voire obligatoire, il fait l'objet de craintes diverses et d'espoirs cachés. Pourrait-on ne pas grandir, rester toujours petit avec les prérogatives qui s'y attachent ? Comment grandir sans vieillir, sans se rapprocher inexorablement du terme de la vie avec toutes les pertes que cela implique ? A la hâte d'être enfin grand répond la nostalgie de ne plus être petit et l'enfant, comme les parents et les éducateurs perçoivent ce paradoxe. Ils y apportent, le cas échéant, des réponses volontaristes comme le projet de &quot;faire grandir&quot; les enfants ou bien grandir implique les épreuves diverses auto-imposées par ces derniers pour s'arracher parfois avec violence à l'enfance. Mais grandir est en lien avec l'idée d'une autonomie à conquérir et, à ce titre, cette notion n'est pas seulement à penser dans la perspective de l'éducation, ses buts et son déroulement mais elle concerne aussi la cure analytique et ses objectifs. Quand et comment, enfant ou adulte, pensons-nous que nous avons &quot;grandi&quot; et par rapport à quoi ou à qui ? Est-ce que le sentiment de grandir ne se vit pas toujours dans l'après-coup et ne se décline pas nécessairement au passé : &quot;J'ai (il a) grandi&quot; ? On fera ainsi intervenir des questionnements importants et trop peu étudiés sur la pensée du &quot;progrès&quot; chez Freud et en psychanalyse, et sur les liens que l'on peut établir avec les notions d'évolution ou, au contraire, de développement. (Avant-propos de Sophie de Mijolla-Mellor).</subfield><subfield code="5">RERO/ladupa/11.2010</subfield></datafield><datafield ind1="0" ind2="7" tag="600"><subfield code="a">Oedipe</subfield><subfield code="c">mythologie grecque</subfield><subfield code="0">(IDREF)027512312</subfield><subfield code="2">idref</subfield></datafield><datafield ind1=" " ind2="7" tag="650"><subfield code="a">Conflit de générations</subfield><subfield code="0">(IDREF)027274535</subfield><subfield code="2">idref</subfield></datafield><datafield ind1=" " ind2="7" tag="650"><subfield code="a">Libido</subfield><subfield code="0">(IDREF)028725352</subfield><subfield code="2">idref</subfield></datafield><datafield ind1=" " ind2="7" tag="650"><subfield code="a">Psychanalyse</subfield><subfield code="0">(IDREF)027241505</subfield><subfield code="2">idref</subfield></datafield><datafield ind1=" " ind2="7" tag="650"><subfield code="a">Vieillissement</subfield><subfield code="0">(IDREF)027346811</subfield><subfield code="2">idref</subfield></datafield><datafield ind1=" " ind2="7" tag="650"><subfield code="a">Ambivalence</subfield><subfield code="0">(IDREF)03002532X</subfield><subfield code="2">idref</subfield></datafield><datafield ind1=" " ind2="7" tag="650"><subfield code="a">Bisexualité</subfield><subfield code="0">(IDREF)027444244</subfield><subfield code="2">idref</subfield></datafield><datafield ind1=" " ind2="7" tag="650"><subfield code="a">centre d'accueil</subfield><subfield code="0">(RERO)A009962535</subfield><subfield code="2">rerovoc</subfield></datafield><datafield ind1=" " ind2="7" tag="650"><subfield code="a">Écoute (psychologie)</subfield><subfield code="0">(IDREF)027455041</subfield><subfield code="2">idref</subfield></datafield><datafield ind1=" " ind2="7" tag="650"><subfield code="a">Jeu</subfield><subfield code="0">(IDREF)027235521</subfield><subfield code="2">idref</subfield></datafield><datafield ind1=" " ind2="7" tag="650"><subfield code="a">Parents</subfield><subfield code="0">(IDREF)127290346</subfield><subfield code="2">idref</subfield></datafield><datafield ind1=" " ind2="7" tag="650"><subfield code="a">Parole</subfield><subfield code="0">(IDREF)027245780</subfield><subfield code="2">idref</subfield></datafield><datafield ind1=" " ind2="7" tag="650"><subfield code="a">précarité</subfield><subfield code="0">(RERO)A010135443</subfield><subfield code="2">rerovoc</subfield></datafield><datafield ind1=" " ind2="7" tag="650"><subfield code="a">exclusion sociale - prévention</subfield><subfield code="0">(RERO)A010081322</subfield><subfield code="2">rerovoc</subfield></datafield><datafield ind1=" " ind2="7" tag="650"><subfield code="a">Solidarité</subfield><subfield code="0">(IDREF)027481077</subfield><subfield code="2">idref</subfield></datafield><datafield ind1=" " ind2="7" tag="650"><subfield code="a">dépendance</subfield><subfield code="0">(RERO)A009976595</subfield><subfield code="2">rerovoc</subfield></datafield><datafield ind1=" " ind2="7" tag="650"><subfield code="a">relation mère-enfant</subfield><subfield code="0">(RERO)A010023859</subfield><subfield code="2">rerovoc</subfield></datafield><datafield ind1=" " ind2="7" tag="650"><subfield code="a">Adolescence</subfield><subfield code="0">(IDREF)027488055</subfield><subfield code="2">idref</subfield></datafield><datafield ind1=" " ind2="7" tag="650"><subfield code="a">Humour</subfield><subfield code="0">(IDREF)029918251</subfield><subfield code="2">idref</subfield></datafield><datafield ind1=" " ind2="7" tag="650"><subfield code="a">individuation</subfield><subfield code="0">(RERO)A010098505</subfield><subfield code="2">rerovoc</subfield></datafield><datafield ind1=" " ind2="7" tag="650"><subfield code="a">Transfert (psychologie)</subfield><subfield code="0">(IDREF)027254348</subfield><subfield code="2">idref</subfield></datafield><datafield ind1=" " ind2="7" tag="650"><subfield code="a">Adolescents</subfield><subfield code="0">(IDREF)027276228</subfield><subfield code="2">idref</subfield></datafield><datafield ind1=" " ind2="7" tag="650"><subfield code="a">Écoles</subfield><subfield code="0">(IDREF)02743902X</subfield><subfield code="2">idref</subfield></datafield><datafield ind1=" " ind2="7" tag="650"><subfield code="a">Enfants</subfield><subfield code="0">(IDREF)027233278</subfield><subfield code="2">idref</subfield></datafield><datafield ind1=" " ind2="7" tag="650"><subfield code="a">Jumeaux</subfield><subfield code="0">(IDREF)027365638</subfield><subfield code="2">idref</subfield></datafield><datafield ind1=" " ind2=" " tag="830"><subfield code="a">Topique</subfield><subfield code="v">93</subfield><subfield code="w">(RERO)0068656-41slsp</subfield></datafield><datafield ind1=" " ind2=" " tag="900"><subfield code="a">REROnoselfmerge</subfield></datafield></record>
</metadata></record>