<record><header><identifier>oai:alma.41SLSP_UGE:991000096329705502</identifier><datestamp>2023-03-17T01:52:04Z</datestamp><setSpec>uge_bcen_RapidILL_BOOK</setSpec><setSpec>uge_aaca_RapidILL_BOOK</setSpec><setSpec>uge_abels_RapidILL_BOOK</setSpec><setSpec>uge_dbu_RapidILL_BOOK</setSpec><setSpec>uge_cmu_RapidILL_BOOK</setSpec><setSpec>uge_mail_RapidILL_BOOK</setSpec><setSpec>uge_abbat_RapidILL_BOOK</setSpec><setSpec>UNIGE_ALL</setSpec><setSpec>uge_aobs_RapidILL_BOOK</setSpec><setSpec>uge_acar_RapidILL_BOOK</setSpec></header><metadata>
<record xmlns="http://www.loc.gov/MARC21/slim" xmlns:xsi="http://www.w3.org/2001/XMLSchema-instance" xsi:schemaLocation="http://www.loc.gov/MARC21/slim http://www.loc.gov/standards/marcxml/schema/MARC21slim.xsd"><leader>02077nam a2200313 c 4500</leader><controlfield tag="001">991000096329705502</controlfield><controlfield tag="005">20230316205940.0</controlfield><controlfield tag="008">140818s2014    fr ||||| |||| 00| ||fre d</controlfield><datafield ind1=" " ind2=" " tag="020"><subfield code="a">9782710125976</subfield></datafield><datafield ind1=" " ind2=" " tag="035"><subfield code="a">(swissbib)120377640-41slsp_network</subfield></datafield><datafield ind1=" " ind2=" " tag="035"><subfield code="a">120377640</subfield><subfield code="9">ExL</subfield></datafield><datafield ind1=" " ind2=" " tag="035"><subfield code="a">(RERO)R007843685-41slsp</subfield></datafield><datafield ind1=" " ind2=" " tag="035"><subfield code="a">(EXLNZ-41SLSP_NETWORK)991141584779705501</subfield></datafield><datafield ind1=" " ind2=" " tag="040"><subfield code="a">RERO frbcuc</subfield><subfield code="d">CH-ZuSLS</subfield></datafield><datafield ind1=" " ind2="7" tag="072"><subfield code="a">pe</subfield><subfield code="2">rero</subfield></datafield><datafield ind1="1" ind2=" " tag="100"><subfield code="a">Astolfi, Jean-Pierre</subfield><subfield code="d">1943-2009</subfield><subfield code="0">(IDREF)026693593</subfield><subfield code="4">cre</subfield></datafield><datafield ind1="1" ind2="0" tag="245"><subfield code="a">&lt;&lt;L'&gt;&gt;erreur, un outil pour enseigner</subfield><subfield code="c">Jean-Pierre Astolfi</subfield></datafield><datafield ind1=" " ind2=" " tag="250"><subfield code="a">11e éd.</subfield></datafield><datafield ind1=" " ind2="1" tag="264"><subfield code="a">Paris</subfield><subfield code="b">ESF</subfield><subfield code="c">2014</subfield></datafield><datafield ind1=" " ind2=" " tag="300"><subfield code="a">117 p.</subfield><subfield code="b">ill.</subfield></datafield><datafield ind1=" " ind2=" " tag="336"><subfield code="b">txt</subfield><subfield code="2">rdacontent</subfield></datafield><datafield ind1=" " ind2=" " tag="337"><subfield code="b">n</subfield><subfield code="2">rdamedia</subfield></datafield><datafield ind1=" " ind2=" " tag="338"><subfield code="b">nc</subfield><subfield code="2">rdacarrier</subfield></datafield><datafield ind1="1" ind2=" " tag="490"><subfield code="a">Pratiques et enjeux pédagogiques</subfield><subfield code="v">8</subfield></datafield><datafield ind1=" " ind2=" " tag="500"><subfield code="a">La façon de considérer l'erreur dans l'apprentissage a beaucoup évolué ces dernières années. On est globalement passé d'une conception négative donnant lieu à sanction à une autre, où les erreurs se présentent plutôt comme indices pour comprendre le processus d'apprentissage et comme témoins pour repérer les difficultés des élèves. Sans nier qu'existent des erreurs liées à l'inattention ou au désintérêt, l'auteur montre avec précision qu'il est possible de s'appuyer sur les erreurs commises pour renouveler l'analyse de ce qu'i se joue dans la classe et pour mieux fonder l'intervention pédagogique. Ainsi identifie-t-il, en s'appuyant sur de nombreux exemples, huit types d'erreurs pour lesquelles il propose médiations et remédiations. Mettre l'erreur au cœur des apprentissages dépasse largement la sphère technico-didactique pour questionner le sens des activités scolaires. Cela peut être angoissant pour les enseignants mais n'est peut-être pas si étranger qu'il y paraît à la question de la violence à l'école</subfield></datafield><datafield ind1=" " ind2="7" tag="650"><subfield code="a">Erreur</subfield><subfield code="0">(IDREF)027785130</subfield><subfield code="2">idref</subfield></datafield><datafield ind1=" " ind2="7" tag="650"><subfield code="a">Apprentissage</subfield><subfield code="0">(IDREF)130683035</subfield><subfield code="2">idref</subfield></datafield><datafield ind1=" " ind2="7" tag="650"><subfield code="a">Enseignement</subfield><subfield code="0">(IDREF)027264998</subfield><subfield code="2">idref</subfield></datafield><datafield ind1=" " ind2=" " tag="830"><subfield code="a">Pratiques et enjeux pédagogiques</subfield><subfield code="v">8</subfield><subfield code="w">(RERO)2263595-41slsp</subfield></datafield><datafield ind1=" " ind2=" " tag="900"><subfield code="a">REROnoselfmerge</subfield></datafield></record>
</metadata></record>