<record><header><identifier>oai:alma.41SLSP_UGE:991000095809705502</identifier><datestamp>2024-02-10T01:22:54Z</datestamp><setSpec>uge_bcen_RapidILL_BOOK</setSpec><setSpec>uge_aaca_RapidILL_BOOK</setSpec><setSpec>uge_abels_RapidILL_BOOK</setSpec><setSpec>uge_dbu_RapidILL_BOOK</setSpec><setSpec>uge_cmu_RapidILL_BOOK</setSpec><setSpec>uge_mail_RapidILL_BOOK</setSpec><setSpec>uge_abbat_RapidILL_BOOK</setSpec><setSpec>UNIGE_ALL</setSpec><setSpec>uge_aobs_RapidILL_BOOK</setSpec><setSpec>uge_acar_RapidILL_BOOK</setSpec></header><metadata>
<record xmlns="http://www.loc.gov/MARC21/slim" xmlns:xsi="http://www.w3.org/2001/XMLSchema-instance" xsi:schemaLocation="http://www.loc.gov/MARC21/slim http://www.loc.gov/standards/marcxml/schema/MARC21slim.xsd"><leader>02855nam a2200529 c 4500</leader><controlfield tag="001">991000095809705502</controlfield><controlfield tag="005">20230409191252.0</controlfield><controlfield tag="008">201011s1992    gw ||||| |||| 00| ||ger d</controlfield><datafield ind1=" " ind2=" " tag="020"><subfield code="a">3437114387</subfield></datafield><datafield ind1=" " ind2=" " tag="035"><subfield code="a">(swissbib)228923905-41slsp_network</subfield></datafield><datafield ind1=" " ind2=" " tag="035"><subfield code="a">228923905</subfield><subfield code="9">ExL</subfield></datafield><datafield ind1=" " ind2=" " tag="035"><subfield code="a">(RERO)R261765860-41slsp</subfield></datafield><datafield ind1=" " ind2=" " tag="035"><subfield code="a">(NEBIS)007788682EBI01</subfield></datafield><datafield ind1=" " ind2=" " tag="035"><subfield code="a">(NEBIS)000666715EBI01</subfield></datafield><datafield ind1=" " ind2=" " tag="035"><subfield code="a">(ALEX)bv001121941</subfield></datafield><datafield ind1=" " ind2=" " tag="035"><subfield code="a">(EXLNZ-41SLSP_NETWORK)991083279539705501</subfield></datafield><datafield ind1=" " ind2=" " tag="040"><subfield code="a">RERO geussc</subfield><subfield code="d">CH-ZuSLS</subfield></datafield><datafield ind1=" " ind2="7" tag="072"><subfield code="a">py</subfield><subfield code="2">rero</subfield></datafield><datafield ind1=" " ind2="7" tag="072"><subfield code="a">me</subfield><subfield code="2">rero</subfield></datafield><datafield ind1="0" ind2="0" tag="245"><subfield code="a">Schutz vor elektromagnetischer Strahlung beim Mobilfunk</subfield><subfield code="b">Empfehlungen der Strahlenschutzkommission, Manuskripte des Fachgesprächs &quot;Mögliche gesundheitliche Auswirkungen durch die moderne Telekommunikation&quot;</subfield><subfield code="c">[Red. H. Heller]</subfield></datafield><datafield ind1="1" ind2="3" tag="246"><subfield code="a">Manuskripte des Fachgesprächs &quot;Mögliche gesundheitliche Auswirkungen durch die moderne Telekommunikation&quot;</subfield></datafield><datafield ind1=" " ind2="1" tag="264"><subfield code="a">Stuttgart [etc.]</subfield><subfield code="b">G. Fischer</subfield><subfield code="c">1992</subfield></datafield><datafield ind1=" " ind2=" " tag="300"><subfield code="a">VII, 137 p.</subfield><subfield code="b">ill.</subfield><subfield code="c">24 cm</subfield></datafield><datafield ind1=" " ind2=" " tag="336"><subfield code="b">txt</subfield><subfield code="2">rdacontent</subfield></datafield><datafield ind1=" " ind2=" " tag="337"><subfield code="b">n</subfield><subfield code="2">rdamedia</subfield></datafield><datafield ind1=" " ind2=" " tag="338"><subfield code="b">nc</subfield><subfield code="2">rdacarrier</subfield></datafield><datafield ind1="1" ind2=" " tag="490"><subfield code="a">Veröffentlichungen der Strahlenschutzkommission</subfield><subfield code="v">Bd. 22</subfield></datafield><datafield ind1=" " ind2=" " tag="500"><subfield code="a">Anlassdaten: 22. April 1991 in Neuherberg</subfield></datafield><datafield ind1=" " ind2=" " tag="520"><subfield code="a">Enth.: Schutz vor elektromagnetischer Strahlung beim Mobilfunk : Empfehlung der Strahlenschutzkommission. Manuskripte des Fachgesprächs &quot;Mögliche gesundheitliche Auswirkungen durch die moderne Telekommunikation&quot; / Ausschuss &quot;Nichtionisierende Strahlen&quot;</subfield></datafield><datafield ind1=" " ind2="7" tag="650"><subfield code="a">Santé</subfield><subfield code="0">(IDREF)027411125</subfield><subfield code="2">idref</subfield></datafield><datafield ind1=" " ind2="7" tag="650"><subfield code="a">Corps humain</subfield><subfield code="0">(IDREF)027230996</subfield><subfield code="2">idref</subfield></datafield><datafield ind1=" " ind2="7" tag="650"><subfield code="a">Téléphonie mobile</subfield><subfield code="0">(IDREF)031506801</subfield><subfield code="2">idref</subfield></datafield><datafield ind1=" " ind2="7" tag="650"><subfield code="a">Champs électromagnétiques</subfield><subfield code="0">(IDREF)027842304</subfield><subfield code="2">idref</subfield></datafield><datafield ind1=" " ind2="2" tag="650"><subfield code="a">Magnetics</subfield><subfield code="0">(DNLM)D008280</subfield></datafield><datafield ind1=" " ind2="2" tag="650"><subfield code="a">Radiation Protection</subfield><subfield code="x">standards</subfield><subfield code="0">(DNLM)D011835Q000592</subfield></datafield><datafield ind1=" " ind2="7" tag="650"><subfield code="a">EMISSION ELEKTROMAGNETISCHER STRAHLUNG (ELEKTRODYNAMIK)</subfield><subfield code="9">ger</subfield><subfield code="0">(ETHUDK)000015136</subfield><subfield code="2">ethudk</subfield></datafield><datafield ind1=" " ind2="7" tag="650"><subfield code="a">HOCHFREQUENTE ELEKTROMAGNETISCHE SCHWINGUNGEN (BIOPHYSIK)</subfield><subfield code="9">ger</subfield><subfield code="0">(ETHUDK)000041417</subfield><subfield code="2">ethudk</subfield></datafield><datafield ind1=" " ind2="7" tag="650"><subfield code="a">MOBILFUNK (FUNKTECHNIK)</subfield><subfield code="9">ger</subfield><subfield code="0">(ETHUDK)000028848</subfield><subfield code="2">ethudk</subfield></datafield><datafield ind1=" " ind2="7" tag="650"><subfield code="a">SCHUTZ GEGEN MAGNETISCHE UND ELEKTROMAGNETISCHE EINFLÜSSE (ELEKTRISCHE SCHUTZVORRICHTUNGEN)</subfield><subfield code="9">ger</subfield><subfield code="0">(ETHUDK)000028356</subfield><subfield code="2">ethudk</subfield></datafield><datafield ind1=" " ind2="2" tag="651"><subfield code="a">Germany</subfield><subfield code="0">(DNLM)D005858</subfield></datafield><datafield ind1=" " ind2="7" tag="655"><subfield code="a">Konferenzschrift</subfield><subfield code="z">Neuherberg</subfield><subfield code="y">1991/04</subfield><subfield code="2">gnd-content</subfield></datafield><datafield ind1=" " ind2=" " tag="690"><subfield code="a">577.34</subfield><subfield code="d">Strahlenbiologie, Photobiologie</subfield><subfield code="2">uzb-UK</subfield></datafield><datafield ind1="1" ind2=" " tag="700"><subfield code="a">Heller, H.</subfield></datafield><datafield ind1="1" ind2=" " tag="700"><subfield code="a">Heller, Horst</subfield><subfield code="0">(RERO)A003361146</subfield></datafield><datafield ind1="2" ind2=" " tag="710"><subfield code="a">Strahlenschutzkommission</subfield><subfield code="0">(DE-588)2045259-7</subfield></datafield><datafield ind1="2" ind2=" " tag="710"><subfield code="a">Deutschland (Bundesrepublik)</subfield><subfield code="b">Strahlenschutzkommission</subfield><subfield code="0">(RERO)A005802318</subfield></datafield><datafield ind1="2" ind2=" " tag="711"><subfield code="a">Fachgespräch &quot;Mögliche Gesundheitliche Auswirkungen durch die Moderne Telekommunikation&quot;</subfield><subfield code="d">1991</subfield><subfield code="c">Neuherberg</subfield><subfield code="0">(DE-588)1091299943</subfield></datafield><datafield ind1=" " ind2="0" tag="830"><subfield code="a">Veröffentlichungen der Strahlenschutzkommission</subfield><subfield code="v">22</subfield><subfield code="w">(RERO)R260715160-41slsp</subfield></datafield><datafield ind1=" " ind2=" " tag="900"><subfield code="a">REROnoselfmerge</subfield></datafield></record>
</metadata></record>