<record><header><identifier>oai:alma.41SLSP_UGE:991000095909705502</identifier><datestamp>2023-03-01T01:10:27Z</datestamp><setSpec>uge_bcen_RapidILL_BOOK</setSpec><setSpec>uge_aaca_RapidILL_BOOK</setSpec><setSpec>uge_abels_RapidILL_BOOK</setSpec><setSpec>uge_dbu_RapidILL_BOOK</setSpec><setSpec>uge_cmu_RapidILL_BOOK</setSpec><setSpec>uge_mail_RapidILL_BOOK</setSpec><setSpec>UNIGE_ALL</setSpec><setSpec>uge_abbat_RapidILL_BOOK</setSpec><setSpec>uge_aobs_RapidILL_BOOK</setSpec><setSpec>uge_acar_RapidILL_BOOK</setSpec></header><metadata>
<record xmlns="http://www.loc.gov/MARC21/slim" xmlns:xsi="http://www.w3.org/2001/XMLSchema-instance" xsi:schemaLocation="http://www.loc.gov/MARC21/slim http://www.loc.gov/standards/marcxml/schema/MARC21slim.xsd"><leader>02209nam a2200637 c 4500</leader><controlfield tag="001">991000095909705502</controlfield><controlfield tag="005">20201230223303.0</controlfield><controlfield tag="008">201011s2004    xxk||||| |||| 00| ||eng d</controlfield><datafield ind1=" " ind2=" " tag="015"><subfield code="a">GBA4-Y3543</subfield></datafield><datafield ind1=" " ind2=" " tag="020"><subfield code="a">0754613798</subfield><subfield code="c">£37.50</subfield></datafield><datafield ind1="7" ind2=" " tag="024"><subfield code="a">http://catalogue.bnf.fr/ark:/12148/cb412762890</subfield><subfield code="2">uri</subfield></datafield><datafield ind1=" " ind2=" " tag="035"><subfield code="a">(swissbib)223290904-41slsp_network</subfield></datafield><datafield ind1=" " ind2=" " tag="035"><subfield code="a">223290904</subfield><subfield code="9">ExL</subfield></datafield><datafield ind1=" " ind2=" " tag="035"><subfield code="a">(RERO)R003786256-41slsp</subfield></datafield><datafield ind1=" " ind2=" " tag="035"><subfield code="a">(NEBIS)004729645EBI01</subfield></datafield><datafield ind1=" " ind2=" " tag="035"><subfield code="a">(Uk)gb-A40Y3543-</subfield></datafield><datafield ind1=" " ind2=" " tag="035"><subfield code="a">(EXLNZ-41SLSP_NETWORK)991122193179705501</subfield></datafield><datafield ind1=" " ind2=" " tag="040"><subfield code="a">RERO gehei-</subfield><subfield code="d">CH-ZuSLS</subfield></datafield><datafield ind1=" " ind2="7" tag="072"><subfield code="a">sp</subfield><subfield code="2">rero</subfield></datafield><datafield ind1="0" ind2="0" tag="082"><subfield code="a">306.2</subfield><subfield code="2">22</subfield></datafield><datafield ind1="0" ind2="4" tag="082"><subfield code="a">327.101</subfield><subfield code="2">21</subfield></datafield><datafield ind1="0" ind2="0" tag="245"><subfield code="a">Neorealism versus strategic culture</subfield><subfield code="c">ed. by John Glenn, Darryl Howlett, Stuart Poore</subfield></datafield><datafield ind1=" " ind2="1" tag="264"><subfield code="a">Aldershot [etc.]</subfield><subfield code="b">Ashgate</subfield><subfield code="c">[2004]</subfield></datafield><datafield ind1=" " ind2="4" tag="264"><subfield code="c">© 2004</subfield></datafield><datafield ind1=" " ind2=" " tag="300"><subfield code="a">XIII, 282 p.</subfield><subfield code="c">25 cm</subfield></datafield><datafield ind1=" " ind2=" " tag="336"><subfield code="b">txt</subfield><subfield code="2">rdacontent</subfield></datafield><datafield ind1=" " ind2=" " tag="337"><subfield code="b">n</subfield><subfield code="2">rdamedia</subfield></datafield><datafield ind1=" " ind2=" " tag="338"><subfield code="b">nc</subfield><subfield code="2">rdacarrier</subfield></datafield><datafield ind1="1" ind2=" " tag="490"><subfield code="a">Critical security series</subfield></datafield><datafield ind1=" " ind2=" " tag="504"><subfield code="a">Bibliography</subfield></datafield><datafield ind1=" " ind2="7" tag="650"><subfield code="a">Internationale Politik</subfield><subfield code="2">idszbz</subfield></datafield><datafield ind1=" " ind2="7" tag="650"><subfield code="a">Realismus (Philosophie)</subfield><subfield code="2">idszbz</subfield></datafield><datafield ind1=" " ind2="7" tag="650"><subfield code="a">Sicherheitspolitik</subfield><subfield code="2">idszbz</subfield></datafield><datafield ind1=" " ind2="0" tag="650"><subfield code="a">Constructivism (Philosophy)</subfield></datafield><datafield ind1=" " ind2="0" tag="650"><subfield code="a">International relations</subfield><subfield code="x">Philosophy</subfield></datafield><datafield ind1=" " ind2="0" tag="650"><subfield code="a">International relations</subfield><subfield code="x">Psychological aspects</subfield></datafield><datafield ind1=" " ind2="0" tag="650"><subfield code="a">International relations</subfield><subfield code="x">Psychological aspects</subfield><subfield code="v">Case studies</subfield></datafield><datafield ind1=" " ind2="0" tag="650"><subfield code="a">Political culture</subfield></datafield><datafield ind1=" " ind2="0" tag="650"><subfield code="a">Political culture</subfield><subfield code="v">Case studies</subfield></datafield><datafield ind1=" " ind2="0" tag="650"><subfield code="a">Realism</subfield></datafield><datafield ind1=" " ind2="7" tag="650"><subfield code="a">Internationale Politik</subfield><subfield code="0">(DE-588)4072885-7</subfield><subfield code="2">gnd</subfield></datafield><datafield ind1=" " ind2="7" tag="650"><subfield code="a">Kultur</subfield><subfield code="0">(DE-588)4125698-0</subfield><subfield code="2">gnd</subfield></datafield><datafield ind1=" " ind2="7" tag="650"><subfield code="a">Politik</subfield><subfield code="0">(DE-588)4046514-7</subfield><subfield code="2">gnd</subfield></datafield><datafield ind1=" " ind2="7" tag="650"><subfield code="a">Sicherheitspolitik</subfield><subfield code="0">(DE-588)4116489-1</subfield><subfield code="2">gnd</subfield></datafield><datafield ind1=" " ind2="7" tag="650"><subfield code="a">Strategie</subfield><subfield code="0">(DE-588)4057952-9</subfield><subfield code="2">gnd</subfield></datafield><datafield ind1=" " ind2="0" tag="650"><subfield code="a">Constructivism</subfield></datafield><datafield ind1=" " ind2="0" tag="650"><subfield code="a">Critical theory</subfield></datafield><datafield ind1=" " ind2="0" tag="650"><subfield code="a">International relations</subfield></datafield><datafield ind1=" " ind2="0" tag="650"><subfield code="a">National security</subfield></datafield><datafield ind1=" " ind2="0" tag="650"><subfield code="a">Politics and culture</subfield></datafield><datafield ind1=" " ind2="0" tag="650"><subfield code="a">Strategic culture</subfield></datafield><datafield ind1=" " ind2="7" tag="655"><subfield code="a">Aufsatzsammlung</subfield><subfield code="2">idszbz</subfield></datafield><datafield ind1="1" ind2=" " tag="700"><subfield code="a">Glenn, John</subfield><subfield code="0">(RERO)A003301782</subfield></datafield><datafield ind1=" " ind2=" " tag="830"><subfield code="a">Critical security series</subfield><subfield code="w">(RERO)R003376080-41slsp</subfield></datafield><datafield ind1=" " ind2=" " tag="900"><subfield code="a">REROnoselfmerge</subfield></datafield><datafield ind1=" " ind2=" " tag="900"><subfield code="a">IDSZ2zbzmon200409f</subfield><subfield code="c">IDSZ2tres</subfield><subfield code="d">IDSZ2zbzswk200409b</subfield><subfield code="e">IDSZ2baur</subfield></datafield><datafield ind1=" " ind2=" " tag="911"><subfield code="a">700</subfield><subfield code="a">Glenn, John</subfield><subfield code="d">1963-</subfield></datafield><datafield ind1=" " ind2=" " tag="961"><subfield code="2">gsi</subfield><subfield code="a">327</subfield><subfield code="9">LOCAL</subfield></datafield></record>
</metadata></record>