<record><header><identifier>oai:alma.41SLSP_UGE:991000096119705502</identifier><datestamp>2024-09-13T00:14:31Z</datestamp><setSpec>uge_bcen_RapidILL_BOOK</setSpec><setSpec>uge_aaca_RapidILL_BOOK</setSpec><setSpec>uge_abels_RapidILL_BOOK</setSpec><setSpec>uge_dbu_RapidILL_BOOK</setSpec><setSpec>uge_cmu_RapidILL_BOOK</setSpec><setSpec>uge_mail_RapidILL_BOOK</setSpec><setSpec>uge_abbat_RapidILL_BOOK</setSpec><setSpec>UNIGE_ALL</setSpec><setSpec>uge_aobs_RapidILL_BOOK</setSpec><setSpec>uge_acar_RapidILL_BOOK</setSpec></header><metadata>
<record xmlns="http://www.loc.gov/MARC21/slim" xmlns:xsi="http://www.w3.org/2001/XMLSchema-instance" xsi:schemaLocation="http://www.loc.gov/MARC21/slim http://www.loc.gov/standards/marcxml/schema/MARC21slim.xsd"><leader>05357nam a2201057 c 4500</leader><controlfield tag="001">991000096119705502</controlfield><controlfield tag="005">20240328004637.0</controlfield><controlfield tag="008">201011s1993    sz ||||| |||| 00| ||ger d</controlfield><datafield ind1=" " ind2=" " tag="019"><subfield code="a">Notices analytiques</subfield><subfield code="5">RERO/03.12.1993/geubfd/njo</subfield></datafield><datafield ind1=" " ind2=" " tag="020"><subfield code="a">2827106442</subfield><subfield code="c">Fr. 88.-</subfield></datafield><datafield ind1=" " ind2=" " tag="035"><subfield code="a">(swissbib)228191548-41slsp_network</subfield></datafield><datafield ind1=" " ind2=" " tag="035"><subfield code="a">228191548</subfield><subfield code="9">ExL</subfield></datafield><datafield ind1=" " ind2=" " tag="035"><subfield code="a">(RERO)1766673-41slsp</subfield></datafield><datafield ind1=" " ind2=" " tag="035"><subfield code="a">(NEBIS)001454407EBI01</subfield></datafield><datafield ind1=" " ind2=" " tag="035"><subfield code="a">(IDSSG)000063944HSB01</subfield></datafield><datafield ind1=" " ind2=" " tag="035"><subfield code="a">(IDSLU)000074982ILU01</subfield></datafield><datafield ind1=" " ind2=" " tag="035"><subfield code="a">(IDSBB)000950552DSV01</subfield></datafield><datafield ind1=" " ind2=" " tag="035"><subfield code="a">(ABN)000292974ABN01</subfield></datafield><datafield ind1=" " ind2=" " tag="035"><subfield code="a">(ALEX)bv01008699</subfield></datafield><datafield ind1=" " ind2=" " tag="035"><subfield code="a">(EXLNZ-41SLSP_NETWORK)991098238329705501</subfield></datafield><datafield ind1=" " ind2=" " tag="040"><subfield code="a">RERO frbcuc</subfield><subfield code="d">CH-ZuSLS</subfield></datafield><datafield ind1="0" ind2=" " tag="041"><subfield code="a">ger</subfield><subfield code="a">fre</subfield></datafield><datafield ind1=" " ind2=" " tag="044"><subfield code="a">sz</subfield><subfield code="c">ch-fr</subfield></datafield><datafield ind1=" " ind2="7" tag="072"><subfield code="a">dr</subfield><subfield code="2">rero</subfield></datafield><datafield ind1=" " ind2="7" tag="072"><subfield code="a">800</subfield><subfield code="2">IDS LU</subfield></datafield><datafield ind1=" " ind2="7" tag="072"><subfield code="a">rn</subfield><subfield code="2">SzZuIDS BS/BE</subfield></datafield><datafield ind1=" " ind2="7" tag="072"><subfield code="a">rm</subfield><subfield code="2">SzZuIDS BS/BE</subfield></datafield><datafield ind1="1" ind2="4" tag="082"><subfield code="a">340</subfield><subfield code="2">15</subfield></datafield><datafield ind1=" " ind2=" " tag="084"><subfield code="a">A 15.1 g SOSJ</subfield><subfield code="2">cjurrom</subfield></datafield><datafield ind1=" " ind2=" " tag="084"><subfield code="a">CA/CE 15.1 g</subfield><subfield code="2">cjurrom</subfield></datafield><datafield ind1=" " ind2=" " tag="084"><subfield code="a">PC 4650</subfield><subfield code="2">rvk</subfield></datafield><datafield ind1=" " ind2=" " tag="084"><subfield code="a">PS 2420</subfield><subfield code="2">rvk</subfield></datafield><datafield ind1=" " ind2=" " tag="084"><subfield code="a">PS 2700</subfield><subfield code="2">rvk</subfield></datafield><datafield ind1="0" ind2="0" tag="245"><subfield code="a">Aspects du droit européen</subfield><subfield code="b">hommage offert à la Société suisse des juristes à l'occasion de son assemblée générale 1993 par la Faculté de droit de l'Université de Fribourg = Beiträge zum europäischen Recht : Festgabe gewidmet dem Schweizerischen Juristenverein anlässlich des Juristentages 1993 durch die rechtswissenschaftliche Fakultät der Universität Freiburg</subfield><subfield code="c">Hrsg. Pierre Tercier, Paul Volken, Nicolas Michel</subfield></datafield><datafield ind1="1" ind2="1" tag="246"><subfield code="a">Beiträge zum europäischen Recht ...</subfield></datafield><datafield ind1="1" ind2=" " tag="246"><subfield code="a">Beiträge zum europäischen Recht</subfield></datafield><datafield ind1="1" ind2=" " tag="246"><subfield code="a">Festgabe gewidmet dem Schweizerischen Juristenverein anlässlich des Juristentages 1993</subfield></datafield><datafield ind1=" " ind2="1" tag="264"><subfield code="a">Fribourg Suisse</subfield><subfield code="b">Ed. universitaires</subfield><subfield code="c">1993</subfield></datafield><datafield ind1=" " ind2="3" tag="264"><subfield code="a">Freiburg Schweiz</subfield><subfield code="b">Paulusdruck</subfield></datafield><datafield ind1=" " ind2=" " tag="300"><subfield code="a">XIII, 349 S.</subfield><subfield code="c">23 cm</subfield></datafield><datafield ind1=" " ind2=" " tag="336"><subfield code="b">txt</subfield><subfield code="2">rdacontent</subfield></datafield><datafield ind1=" " ind2=" " tag="337"><subfield code="b">n</subfield><subfield code="2">rdamedia</subfield></datafield><datafield ind1=" " ind2=" " tag="338"><subfield code="b">nc</subfield><subfield code="2">rdacarrier</subfield></datafield><datafield ind1="1" ind2=" " tag="490"><subfield code="a">Arbeiten aus dem Juristischen Seminar der Universität Freiburg Schweiz</subfield><subfield code="v">127</subfield></datafield><datafield ind1=" " ind2=" " tag="500"><subfield code="a">Beitr. dt. oder franz.</subfield></datafield><datafield ind1=" " ind2=" " tag="500"><subfield code="a">Enth.: Europavorbild und Eigenwuchs / Oskar Vogel</subfield></datafield><datafield ind1="2" ind2="7" tag="610"><subfield code="a">Europäische Union</subfield><subfield code="2">idszbz</subfield></datafield><datafield ind1="2" ind2="7" tag="610"><subfield code="a">Europäische Gemeinschaften</subfield><subfield code="0">(DE-588)35439-9</subfield><subfield code="2">gnd</subfield></datafield><datafield ind1=" " ind2="7" tag="650"><subfield code="a">Gemeinschaftsrecht</subfield><subfield code="9">ger</subfield><subfield code="0">(RERO)jurivoc000009467ger</subfield><subfield code="2">jurivoc</subfield></datafield><datafield ind1=" " ind2="7" tag="650"><subfield code="a">Droit européen</subfield><subfield code="0">(IDREF)027467171</subfield><subfield code="2">idref</subfield></datafield><datafield ind1=" " ind2="7" tag="650"><subfield code="a">Recht</subfield><subfield code="2">idszbz</subfield></datafield><datafield ind1=" " ind2="7" tag="650"><subfield code="a">EUROPARECHT</subfield><subfield code="9">ger</subfield><subfield code="0">(ETHUDK)000011013</subfield><subfield code="2">ethudk</subfield></datafield><datafield ind1=" " ind2="7" tag="650"><subfield code="a">EUROPÄISCHE INTEGRATION (INTERNATIONALE POLITIK)</subfield><subfield code="9">ger</subfield><subfield code="0">(ETHUDK)000055909</subfield><subfield code="2">ethudk</subfield></datafield><datafield ind1=" " ind2="7" tag="650"><subfield code="a">INTERNATIONALES RECHT</subfield><subfield code="9">ger</subfield><subfield code="0">(ETHUDK)000011007</subfield><subfield code="2">ethudk</subfield></datafield><datafield ind1=" " ind2="7" tag="650"><subfield code="a">KÄUFERRECHTE + VERKÄUFERPFLICHTEN (SCHULDRECHT)</subfield><subfield code="9">ger</subfield><subfield code="0">(ETHUDK)000011381</subfield><subfield code="2">ethudk</subfield></datafield><datafield ind1=" " ind2="7" tag="650"><subfield code="a">PROVINZEN + KANTONE + BUNDESLÄNDER (STAATSRECHT)</subfield><subfield code="9">ger</subfield><subfield code="0">(ETHUDK)000011135</subfield><subfield code="2">ethudk</subfield></datafield><datafield ind1=" " ind2="7" tag="650"><subfield code="a">REGIONALPOLITIK + REGIONALISMUS (INNENPOLITIK)</subfield><subfield code="9">ger</subfield><subfield code="0">(ETHUDK)000044516</subfield><subfield code="2">ethudk</subfield></datafield><datafield ind1=" " ind2="7" tag="650"><subfield code="a">SCHWEIZ (MITTELEUROPA). SCHWEIZERISCHE EIDGENOSSENSCHAFT</subfield><subfield code="9">ger</subfield><subfield code="0">(ETHUDK)000004571</subfield><subfield code="2">ethudk</subfield></datafield><datafield ind1=" " ind2="7" tag="650"><subfield code="a">SOZIALVERSICHERUNGSRECHT (SOZIALRECHT)</subfield><subfield code="9">ger</subfield><subfield code="0">(ETHUDK)000053820</subfield><subfield code="2">ethudk</subfield></datafield><datafield ind1=" " ind2="7" tag="650"><subfield code="a">ZIVILPROZESSRECHT + VERFAHRENSRECHT (ZIVILRECHT)</subfield><subfield code="9">ger</subfield><subfield code="0">(ETHUDK)000046720</subfield><subfield code="2">ethudk</subfield></datafield><datafield ind1=" " ind2="7" tag="650"><subfield code="a">Recht</subfield><subfield code="0">(DE-588)4048737-4</subfield><subfield code="2">gnd</subfield></datafield><datafield ind1=" " ind2="7" tag="650"><subfield code="a">Europäische Integration</subfield><subfield code="z">Schweiz</subfield><subfield code="2">idsbb</subfield></datafield><datafield ind1=" " ind2="7" tag="650"><subfield code="a">Europäische Integration</subfield><subfield code="2">idsbb</subfield></datafield><datafield ind1=" " ind2="7" tag="651"><subfield code="a">Schweiz</subfield><subfield code="2">idszbz</subfield></datafield><datafield ind1=" " ind2="7" tag="651"><subfield code="a">Schweiz</subfield><subfield code="0">(DE-588)4053881-3</subfield><subfield code="2">gnd</subfield></datafield><datafield ind1=" " ind2="7" tag="655"><subfield code="a">Festschrift</subfield><subfield code="9">ger</subfield><subfield code="2">jurivoc</subfield><subfield code="0">(RERO)jurivoc000008252ger</subfield></datafield><datafield ind1=" " ind2="7" tag="655"><subfield code="a">[Études diverses]</subfield><subfield code="0">(RERO)A022249905</subfield><subfield code="2">rero</subfield></datafield><datafield ind1=" " ind2="7" tag="655"><subfield code="a">Aufsatzsammlung</subfield><subfield code="2">idszbz</subfield></datafield><datafield ind1=" " ind2="7" tag="655"><subfield code="a">Konferenzschrift</subfield><subfield code="z">Fribourg</subfield><subfield code="y">1993</subfield><subfield code="2">gnd-content</subfield></datafield><datafield ind1=" " ind2="7" tag="655"><subfield code="a">Konferenzschrift</subfield><subfield code="z">Freiburg, Üechtland</subfield><subfield code="y">1993</subfield><subfield code="2">gnd-content</subfield></datafield><datafield ind1=" " ind2="7" tag="655"><subfield code="a">Konferenzschrift</subfield><subfield code="z">Freiburg im Üechtland</subfield><subfield code="y">1993</subfield><subfield code="2">gnd-content</subfield></datafield><datafield ind1=" " ind2="7" tag="655"><subfield code="a">Festschrift</subfield><subfield code="2">gnd-content</subfield></datafield><datafield ind1=" " ind2=" " tag="690"><subfield code="a">Europarecht. A.</subfield><subfield code="2">rzs-L1</subfield></datafield><datafield ind1=" " ind2=" " tag="690"><subfield code="a">Europäische Gemeinschaft, B: Recht</subfield><subfield code="2">rzs-L1</subfield></datafield><datafield ind1=" " ind2=" " tag="691"><subfield code="e">PC 15.1</subfield><subfield code="2">rzs-L1</subfield></datafield><datafield ind1="1" ind2=" " tag="700"><subfield code="a">Michel, Nicolas</subfield><subfield code="d">1949-</subfield><subfield code="0">(RERO)A003592017</subfield></datafield><datafield ind1="1" ind2=" " tag="700"><subfield code="6">880-03</subfield><subfield code="a">Volken, Paul</subfield><subfield code="4">edt</subfield></datafield><datafield ind1="1" ind2=" " tag="880"><subfield code="6">700-03</subfield><subfield code="a">Volken, Paul</subfield><subfield code="d">1945-....</subfield><subfield code="0">(IDREF)031324061</subfield></datafield><datafield ind1="1" ind2=" " tag="700"><subfield code="a">Tercier, Pierre</subfield><subfield code="d">1943-</subfield><subfield code="6">880-04</subfield><subfield code="0">(DE-588)124710654</subfield><subfield code="4">edt</subfield></datafield><datafield ind1="1" ind2=" " tag="880"><subfield code="6">700-04</subfield><subfield code="a">Tercier, Pierre</subfield><subfield code="d">1943-....</subfield><subfield code="0">(IDREF)031657826</subfield></datafield><datafield ind1="2" ind2=" " tag="710"><subfield code="a">Schweizerischer Juristenverein</subfield><subfield code="0">(DE-588)1006013-3</subfield></datafield><datafield ind1="2" ind2=" " tag="710"><subfield code="a">Universität Freiburg</subfield><subfield code="g">Schweiz</subfield><subfield code="b">Rechtswissenschaftliche Fakultät</subfield><subfield code="0">(DE-588)2116592-0</subfield></datafield><datafield ind1="2" ind2=" " tag="710"><subfield code="a">Université de Fribourg</subfield><subfield code="g">Fribourg, Suisse</subfield><subfield code="b">Faculté de droit</subfield><subfield code="0">(IDREF)033700265</subfield></datafield><datafield ind1="2" ind2=" " tag="711"><subfield code="a">Schweizerischer Juristentag</subfield><subfield code="0">(DE-588)16299394-8</subfield></datafield><datafield ind1="2" ind2=" " tag="711"><subfield code="a">Schweizerischer Juristentag</subfield><subfield code="d">1993</subfield><subfield code="c">Fribourg</subfield><subfield code="0">(DE-588)2132015-9</subfield></datafield><datafield ind1="2" ind2=" " tag="711"><subfield code="a">Schweizerischer Juristentag</subfield><subfield code="0">(DE-588)16299394-8</subfield></datafield><datafield ind1=" " ind2="0" tag="830"><subfield code="a">Arbeiten aus dem Juristischen Seminar der Universität Freiburg Schweiz</subfield><subfield code="v">127</subfield><subfield code="w">(RERO)0036054-41slsp</subfield></datafield><datafield ind1=" " ind2="0" tag="830"><subfield code="a">Arbeiten aus dem Juristischen Seminar der Universität Freiburg Schweiz</subfield><subfield code="v">127</subfield><subfield code="w">(IDSBB)000108465DSV01</subfield></datafield><datafield ind1=" " ind2="0" tag="830"><subfield code="a">Arbeiten aus dem Juristischen Seminar der Universität Freiburg Schweiz</subfield><subfield code="v">127</subfield><subfield code="w">(IDSSG)000002012HSB01</subfield></datafield><datafield ind1="4" ind2="2" tag="856"><subfield code="3">Titelblatt und Inhaltsverzeichnis</subfield><subfield code="q">PDF</subfield><subfield code="u">https://urn.ub.unibe.ch/urn:ch:slsp:zbz:2827106442:ihv:pdf</subfield></datafield><datafield ind1=" " ind2=" " tag="900"><subfield code="a">IDSZ2rwimon200708l</subfield><subfield code="c">IDSZ2biss</subfield><subfield code="d">IDSZ2rwiswk200306b</subfield><subfield code="e">IDSZ2sust</subfield></datafield><datafield ind1=" " ind2=" " tag="949"><subfield code="a">https://urn.ub.unibe.ch/urn:ch:slsp:zbz:2827106442:ihv:pdf</subfield></datafield></record>
</metadata></record>