<record><header><identifier>oai:alma.41SLSP_UGE:991000096439705502</identifier><datestamp>2023-09-10T00:38:39Z</datestamp><setSpec>uge_bcen_RapidILL_BOOK</setSpec><setSpec>uge_aaca_RapidILL_BOOK</setSpec><setSpec>uge_abels_RapidILL_BOOK</setSpec><setSpec>uge_dbu_RapidILL_BOOK</setSpec><setSpec>uge_cmu_RapidILL_BOOK</setSpec><setSpec>uge_mail_RapidILL_BOOK</setSpec><setSpec>UNIGE_ALL</setSpec><setSpec>uge_abbat_RapidILL_BOOK</setSpec><setSpec>uge_acar_RapidILL_BOOK</setSpec><setSpec>uge_aobs_RapidILL_BOOK</setSpec></header><metadata>
<record xmlns="http://www.loc.gov/MARC21/slim" xmlns:xsi="http://www.w3.org/2001/XMLSchema-instance" xsi:schemaLocation="http://www.loc.gov/MARC21/slim http://www.loc.gov/standards/marcxml/schema/MARC21slim.xsd"><leader>01772nam a2200337 c 4500</leader><controlfield tag="001">991000096439705502</controlfield><controlfield tag="005">20210207112921.0</controlfield><controlfield tag="008">110706m20012004ja ||||| |||| 00| ||jpn d</controlfield><datafield ind1=" " ind2=" " tag="020"><subfield code="a">4766407989</subfield></datafield><datafield ind1=" " ind2=" " tag="035"><subfield code="a">(swissbib)113940920-41slsp_network</subfield></datafield><datafield ind1=" " ind2=" " tag="035"><subfield code="a">113940920</subfield><subfield code="9">ExL</subfield></datafield><datafield ind1=" " ind2=" " tag="035"><subfield code="a">(RERO)R006095405-41slsp</subfield></datafield><datafield ind1=" " ind2=" " tag="035"><subfield code="a">(EXLNZ-41SLSP_NETWORK)991134985639705501</subfield></datafield><datafield ind1=" " ind2=" " tag="040"><subfield code="a">RERO geullo</subfield><subfield code="d">CH-ZuSLS</subfield></datafield><datafield ind1=" " ind2="7" tag="072"><subfield code="a">se</subfield><subfield code="2">rero</subfield></datafield><datafield ind1="0" ind2="0" tag="245"><subfield code="6">880-01</subfield><subfield code="a">Higashi Ajia keizai kyōryoku no genjō to kanōsei</subfield><subfield code="c">Nozoe Shinʾichi, Boku Eitetsu hen</subfield></datafield><datafield ind1="0" ind2="0" tag="880"><subfield code="6">245-01/$1</subfield><subfield code="a">東アジア経済協力の現状と可能性</subfield><subfield code="c">野副伸一, 朴英哲編</subfield></datafield><datafield ind1=" " ind2="1" tag="264"><subfield code="6">880-02</subfield><subfield code="a">Tōkyō</subfield><subfield code="b">Tōkyō</subfield><subfield code="b">Keiō Gijuku Daigaku Shuppankai</subfield><subfield code="c">2001</subfield></datafield><datafield ind1=" " ind2="1" tag="880"><subfield code="6">264-02/$1</subfield><subfield code="a">東京</subfield><subfield code="b">慶應義塾大学出版会</subfield><subfield code="c">2001-2004</subfield></datafield><datafield ind1=" " ind2=" " tag="300"><subfield code="a">2 vol.</subfield><subfield code="b">ill.</subfield><subfield code="c">22 cm</subfield></datafield><datafield ind1=" " ind2=" " tag="336"><subfield code="b">txt</subfield><subfield code="2">rdacontent</subfield></datafield><datafield ind1=" " ind2=" " tag="337"><subfield code="b">n</subfield><subfield code="2">rdamedia</subfield></datafield><datafield ind1=" " ind2=" " tag="338"><subfield code="b">nc</subfield><subfield code="2">rdacarrier</subfield></datafield><datafield ind1="1" ind2=" " tag="490"><subfield code="6">880-03</subfield><subfield code="a">Nikkan kyōdō kenkyū sōsho</subfield><subfield code="v">1, 8</subfield></datafield><datafield ind1="0" ind2=" " tag="880"><subfield code="6">490-03/$1</subfield><subfield code="a">日韓共同研究叢書</subfield><subfield code="v">1, 8</subfield></datafield><datafield ind1="1" ind2=" " tag="700"><subfield code="6">880-04</subfield><subfield code="a">Nozoe, Shin'ichi</subfield><subfield code="d">1942-….</subfield><subfield code="0">(IDREF)24412518X</subfield></datafield><datafield ind1="0" ind2=" " tag="880"><subfield code="6">700-04/$1</subfield><subfield code="a">野副伸一</subfield><subfield code="d">1942-</subfield></datafield><datafield ind1="1" ind2=" " tag="700"><subfield code="6">880-05</subfield><subfield code="a">Park, Yung-Chul</subfield><subfield code="c">économiste</subfield><subfield code="d">1939-....</subfield><subfield code="0">(IDREF)185738680</subfield></datafield><datafield ind1="0" ind2=" " tag="880"><subfield code="6">700-05/$1</subfield><subfield code="a">朴英哲</subfield><subfield code="d">1939-</subfield></datafield><datafield ind1=" " ind2="0" tag="830"><subfield code="6">880-06</subfield><subfield code="a">Nikkan kyōdō kenkyū sōsho</subfield><subfield code="v">1, 8</subfield><subfield code="w">(RERO)R006096040-41slsp</subfield></datafield><datafield ind1=" " ind2="0" tag="880"><subfield code="6">830-06/$1</subfield><subfield code="a">日韓共同研究叢書</subfield><subfield code="v">1, 8</subfield></datafield><datafield ind1=" " ind2=" " tag="900"><subfield code="a">REROnoselfmerge</subfield></datafield></record>
</metadata></record>