<record><header><identifier>oai:alma.41SLSP_UGE:991000095919705502</identifier><datestamp>2023-07-01T00:21:42Z</datestamp><setSpec>uge_bcen_RapidILL_BOOK</setSpec><setSpec>uge_aaca_RapidILL_BOOK</setSpec><setSpec>uge_abels_RapidILL_BOOK</setSpec><setSpec>uge_dbu_RapidILL_BOOK</setSpec><setSpec>uge_cmu_RapidILL_BOOK</setSpec><setSpec>uge_mail_RapidILL_BOOK</setSpec><setSpec>uge_abbat_RapidILL_BOOK</setSpec><setSpec>UNIGE_ALL</setSpec><setSpec>uge_aobs_RapidILL_BOOK</setSpec><setSpec>uge_acar_RapidILL_BOOK</setSpec></header><metadata>
<record xmlns="http://www.loc.gov/MARC21/slim" xmlns:xsi="http://www.w3.org/2001/XMLSchema-instance" xsi:schemaLocation="http://www.loc.gov/MARC21/slim http://www.loc.gov/standards/marcxml/schema/MARC21slim.xsd"><leader>02838nam a2200577 c 4500</leader><controlfield tag="001">991000095919705502</controlfield><controlfield tag="005">20230630121648.0</controlfield><controlfield tag="008">201011s2003    xxu||||| |||| 00| ||eng d</controlfield><datafield ind1=" " ind2=" " tag="015"><subfield code="a">GBA3-Z7668</subfield></datafield><datafield ind1="7" ind2=" " tag="016"><subfield code="a">0195135911</subfield><subfield code="2">Uk</subfield></datafield><datafield ind1=" " ind2=" " tag="020"><subfield code="a">0195135903</subfield><subfield code="q">hbk.</subfield><subfield code="c">£32.99</subfield></datafield><datafield ind1=" " ind2=" " tag="020"><subfield code="a">0195135911</subfield><subfield code="q">pbk.</subfield><subfield code="c">£13.99</subfield></datafield><datafield ind1="7" ind2=" " tag="024"><subfield code="a">http://catalogue.bnf.fr/ark:/12148/cb390460315</subfield><subfield code="2">uri</subfield></datafield><datafield ind1=" " ind2=" " tag="035"><subfield code="a">(swissbib)216270030-41slsp_network</subfield></datafield><datafield ind1=" " ind2=" " tag="035"><subfield code="a">216270030</subfield><subfield code="9">ExL</subfield></datafield><datafield ind1=" " ind2=" " tag="035"><subfield code="a">(RERO)R003399387-41slsp</subfield></datafield><datafield ind1=" " ind2=" " tag="035"><subfield code="a">(IDSSG)000373545HSB01</subfield></datafield><datafield ind1=" " ind2=" " tag="035"><subfield code="a">(IDSBB)002767428DSV01</subfield></datafield><datafield ind1=" " ind2=" " tag="035"><subfield code="a">(Uk)gb-A30Z7668-</subfield></datafield><datafield ind1=" " ind2=" " tag="035"><subfield code="a">(EXLNZ-41SLSP_NETWORK)991046975319705501</subfield></datafield><datafield ind1=" " ind2=" " tag="040"><subfield code="a">RERO labcud</subfield><subfield code="d">CH-ZuSLS</subfield></datafield><datafield ind1=" " ind2="7" tag="072"><subfield code="a">an</subfield><subfield code="2">rero</subfield></datafield><datafield ind1=" " ind2="7" tag="072"><subfield code="a">le</subfield><subfield code="2">SzZuIDS BS/BE</subfield></datafield><datafield ind1="0" ind2="4" tag="082"><subfield code="a">813.52</subfield><subfield code="2">21</subfield></datafield><datafield ind1=" " ind2=" " tag="084"><subfield code="a">HU 9275</subfield><subfield code="2">rvk</subfield></datafield><datafield ind1="0" ind2="0" tag="245"><subfield code="a">&lt;&lt;A&gt;&gt; historical guide to Edith Wharton</subfield><subfield code="c">Ed. by Carol J. Singley</subfield></datafield><datafield ind1=" " ind2=" " tag="263"><subfield code="a">200304</subfield></datafield><datafield ind1=" " ind2="1" tag="264"><subfield code="a">New York [etc.]</subfield><subfield code="b">Oxford University Press</subfield><subfield code="c">2003</subfield></datafield><datafield ind1=" " ind2=" " tag="300"><subfield code="a">X, 302 p.</subfield><subfield code="b">Ill.</subfield><subfield code="c">21 cm</subfield></datafield><datafield ind1=" " ind2=" " tag="336"><subfield code="b">txt</subfield><subfield code="2">rdacontent</subfield></datafield><datafield ind1=" " ind2=" " tag="337"><subfield code="b">n</subfield><subfield code="2">rdamedia</subfield></datafield><datafield ind1=" " ind2=" " tag="338"><subfield code="b">nc</subfield><subfield code="2">rdacarrier</subfield></datafield><datafield ind1="1" ind2=" " tag="490"><subfield code="a">Historical guides to American authors</subfield></datafield><datafield ind1=" " ind2=" " tag="504"><subfield code="a">Includes bibliographical references and index</subfield></datafield><datafield ind1="1" ind2="7" tag="600"><subfield code="a">Wharton, Edith</subfield><subfield code="d">1862-1937</subfield><subfield code="0">(IDREF)027333280</subfield><subfield code="2">idref</subfield></datafield><datafield ind1="1" ind2="7" tag="600"><subfield code="a">Wharton, Edith</subfield><subfield code="d">1862-1937</subfield><subfield code="0">(DE-588)118767585</subfield><subfield code="2">gnd</subfield></datafield><datafield ind1="1" ind2="0" tag="600"><subfield code="a">Wharton, Edith</subfield><subfield code="d">1862-1937</subfield><subfield code="x">Criticism and interpretation</subfield></datafield><datafield ind1="1" ind2="0" tag="600"><subfield code="a">Wharton, Edith</subfield><subfield code="d">1862-1937</subfield><subfield code="x">Knowledge</subfield><subfield code="x">History</subfield></datafield><datafield ind1="1" ind2="7" tag="600"><subfield code="a">Wharton, Edith</subfield><subfield code="2">idsbb</subfield></datafield><datafield ind1=" " ind2="0" tag="650"><subfield code="a">Literature and history</subfield><subfield code="z">United States</subfield><subfield code="x">History</subfield><subfield code="y">20th century</subfield></datafield><datafield ind1=" " ind2="0" tag="650"><subfield code="a">Women and literature</subfield><subfield code="z">United States</subfield><subfield code="x">History</subfield><subfield code="y">20th century</subfield></datafield><datafield ind1=" " ind2="7" tag="655"><subfield code="a">[Études diverses]</subfield><subfield code="0">(RERO)A022249905</subfield><subfield code="2">rero</subfield></datafield><datafield ind1=" " ind2="7" tag="655"><subfield code="a">Aufsatzsammlung</subfield><subfield code="2">gnd-content</subfield></datafield><datafield ind1=" " ind2=" " tag="690"><subfield code="a">Reise; Carol; Dwight; Clare; Dale; Emerson; Essay; Bentley; Biographie; Darwin; Film; Moderne; Zeitalter; Bauer; Chronologie; Geschichte; Index; Revision; Sucht</subfield><subfield code="2">idssg-J</subfield></datafield><datafield ind1=" " ind2=" " tag="690"><subfield code="a">bibliografischer Essay; historischer Reiseführer; kurze Biografie; sonstige Intimität; sonstige Sucht</subfield><subfield code="2">idssg-J</subfield></datafield><datafield ind1=" " ind2=" " tag="690"><subfield code="a">Frankreich C4EUFR</subfield><subfield code="2">idssg-J</subfield></datafield><datafield ind1=" " ind2=" " tag="690"><subfield code="a">bibliografisch Essay Visionen; Carol SINGLEY OXPORD UNIVERSITY; Cecelia Tichi Wharton; Clare Colquitt; Costanzo Cahir Illustrated; Darwin; Dwight Wharton; Edith Wharton Historische Reiseführer Edith Wharton; Land Cecelia Tichi Wharton Sonstige Sucht; Linda Costanzo Cahir Illustrated; Martha Banta Emerson; Nancy Bentley Wharton; Reiseführer Edith Wharton; SINGLEY OXPORD UNIVERSITY; Shari Benstock WHARTON</subfield><subfield code="2">idssg-J</subfield></datafield><datafield ind1="1" ind2=" " tag="700"><subfield code="a">Singley, Carol J.</subfield><subfield code="d">1951-....</subfield><subfield code="0">(IDREF)034129936</subfield></datafield><datafield ind1="4" ind2=" " tag="856"><subfield code="u">https://tools.unisg.ch/url/hm00183171</subfield><subfield code="z">Inhaltsverzeichnis</subfield></datafield><datafield ind1=" " ind2="0" tag="830"><subfield code="a">Historical guides to American authors</subfield><subfield code="w">(RERO)R271218560-41slsp</subfield></datafield><datafield ind1=" " ind2=" " tag="911"><subfield code="a">700</subfield><subfield code="a">Singley, Carol J</subfield><subfield code="d">1951-</subfield></datafield><datafield ind1=" " ind2=" " tag="949"><subfield code="a">https://tools.unisg.ch/url/hm00183171</subfield></datafield></record>
</metadata></record>