<record><header><identifier>oai:alma.41SLSP_UGE:991000096229705502</identifier><datestamp>2023-03-01T01:10:27Z</datestamp><setSpec>UNIGE_ALL</setSpec></header><metadata>
<record xmlns="http://www.loc.gov/MARC21/slim" xmlns:xsi="http://www.w3.org/2001/XMLSchema-instance" xsi:schemaLocation="http://www.loc.gov/MARC21/slim http://www.loc.gov/standards/marcxml/schema/MARC21slim.xsd"><leader>01279njm a22003257c 4500</leader><controlfield tag="001">991000096229705502</controlfield><controlfield tag="005">20211113211735.0</controlfield><controlfield tag="007">sd b||||||||||</controlfield><controlfield tag="008">110122s1951    xx ||n |            eng d</controlfield><datafield ind1="0" ind2="2" tag="028"><subfield code="a">Seraphim SIB-6102</subfield></datafield><datafield ind1=" " ind2=" " tag="035"><subfield code="a">(swissbib)113575378-41slsp_network</subfield></datafield><datafield ind1=" " ind2=" " tag="035"><subfield code="a">113575378</subfield><subfield code="9">ExL</subfield></datafield><datafield ind1=" " ind2=" " tag="035"><subfield code="a">(RERO)R006023043-41slsp</subfield></datafield><datafield ind1=" " ind2=" " tag="035"><subfield code="a">(EXLNZ-41SLSP_NETWORK)991040704729705501</subfield></datafield><datafield ind1=" " ind2=" " tag="040"><subfield code="a">RERO geulmu</subfield><subfield code="d">CH-ZuSLS</subfield></datafield><datafield ind1=" " ind2="7" tag="072"><subfield code="a">mu</subfield><subfield code="2">rero</subfield></datafield><datafield ind1="1" ind2=" " tag="100"><subfield code="a">Sullivan, Arthur</subfield><subfield code="d">1842-1900</subfield><subfield code="0">(IDREF)080711707</subfield><subfield code="4">cre</subfield></datafield><datafield ind1="1" ind2="0" tag="245"><subfield code="a">&lt;&lt;The&gt;&gt; Pirates of Penzance ; or The Slave of Duty</subfield><subfield code="c">Sir Arthur S. Sullivan ; Libretto by Sir William S. Gilbert</subfield></datafield><datafield ind1=" " ind2="1" tag="264"><subfield code="a">[Lieu de publication non identifié]</subfield><subfield code="b">[éditeur non identifié]</subfield><subfield code="c">1951</subfield></datafield><datafield ind1=" " ind2=" " tag="300"><subfield code="a">2 disques sonores</subfield><subfield code="b">33 t.</subfield></datafield><datafield ind1=" " ind2=" " tag="336"><subfield code="b">prm</subfield><subfield code="2">rdacontent</subfield></datafield><datafield ind1=" " ind2=" " tag="337"><subfield code="b">s</subfield><subfield code="2">rdamedia</subfield></datafield><datafield ind1=" " ind2=" " tag="338"><subfield code="b">sd</subfield><subfield code="2">rdacarrier</subfield></datafield><datafield ind1=" " ind2=" " tag="500"><subfield code="a">Formation: solistes vocaux, choeur, orchestre symphonique</subfield></datafield><datafield ind1="0" ind2=" " tag="505"><subfield code="a">[Opéras. The Pirates of Penzance or The Slave of Duty]</subfield></datafield><datafield ind1="1" ind2=" " tag="700"><subfield code="a">Gellhorn, Peter</subfield><subfield code="d">1912-2004</subfield><subfield code="0">(IDREF)080809553</subfield></datafield><datafield ind1="1" ind2=" " tag="700"><subfield code="a">Gilbert, William Schwenck</subfield><subfield code="d">1836-1911</subfield><subfield code="0">(IDREF)030804930</subfield></datafield><datafield ind1="1" ind2=" " tag="700"><subfield code="a">Sargent, Malcolm</subfield><subfield code="d">1895-1967</subfield><subfield code="0">(IDREF)078619394</subfield></datafield><datafield ind1="2" ind2=" " tag="710"><subfield code="a">Glyndebourne Festival</subfield><subfield code="b">Chorus</subfield><subfield code="0">(RERO)A003302593</subfield></datafield><datafield ind1="2" ind2=" " tag="710"><subfield code="a">Pro Arte Orchestra (London)</subfield><subfield code="0">(RERO)A013240709</subfield></datafield><datafield ind1=" " ind2=" " tag="900"><subfield code="a">REROnoselfmerge</subfield></datafield><datafield ind1=" " ind2=" " tag="960"><subfield code="2">matmu</subfield><subfield code="a">Angleterre ; XIXe ; Opérettes ; Musique dramatique ; Romantisme ; Mélodrames</subfield><subfield code="9">LOCAL</subfield></datafield></record>
</metadata></record>