<record><header><identifier>oai:alma.41SLSP_UGE:991000095509705502</identifier><datestamp>2024-10-16T00:10:19Z</datestamp><setSpec>uge_bcen_RapidILL_BOOK</setSpec><setSpec>uge_aaca_RapidILL_BOOK</setSpec><setSpec>uge_abels_RapidILL_BOOK</setSpec><setSpec>uge_dbu_RapidILL_BOOK</setSpec><setSpec>uge_cmu_RapidILL_BOOK</setSpec><setSpec>uge_mail_RapidILL_BOOK</setSpec><setSpec>uge_abbat_RapidILL_BOOK</setSpec><setSpec>UNIGE_ALL</setSpec><setSpec>uge_aobs_RapidILL_BOOK</setSpec><setSpec>uge_acar_RapidILL_BOOK</setSpec></header><metadata>
<record xmlns="http://www.loc.gov/MARC21/slim" xmlns:xsi="http://www.w3.org/2001/XMLSchema-instance" xsi:schemaLocation="http://www.loc.gov/MARC21/slim http://www.loc.gov/standards/marcxml/schema/MARC21slim.xsd"><leader>03386nam a2200529 c 4500</leader><controlfield tag="001">991000095509705502</controlfield><controlfield tag="005">20230409214828.0</controlfield><controlfield tag="008">201011s2008    it ||||| |||| 00| ||ita d</controlfield><datafield ind1=" " ind2=" " tag="020"><subfield code="a">9788881554133</subfield><subfield code="q">br.</subfield><subfield code="c">EUR 18.00</subfield></datafield><datafield ind1=" " ind2=" " tag="035"><subfield code="a">(swissbib)214643948-41slsp_network</subfield></datafield><datafield ind1=" " ind2=" " tag="035"><subfield code="a">214643948</subfield><subfield code="9">ExL</subfield></datafield><datafield ind1=" " ind2=" " tag="035"><subfield code="a">(RERO)R005358474-41slsp</subfield></datafield><datafield ind1=" " ind2=" " tag="035"><subfield code="a">(NEBIS)006514555EBI01</subfield></datafield><datafield ind1=" " ind2=" " tag="035"><subfield code="a">(IDSBB)004655891DSV01</subfield></datafield><datafield ind1=" " ind2=" " tag="035"><subfield code="a">(SBT)000659441SBT01</subfield></datafield><datafield ind1=" " ind2=" " tag="035"><subfield code="a">(EXLNZ-41SLSP_NETWORK)991035624959705501</subfield></datafield><datafield ind1=" " ind2=" " tag="040"><subfield code="a">RERO geulit</subfield><subfield code="d">CH-ZuSLS</subfield></datafield><datafield ind1=" " ind2=" " tag="050"><subfield code="a">PQ</subfield></datafield><datafield ind1=" " ind2="7" tag="072"><subfield code="a">it</subfield><subfield code="2">SzZuIDS BS/BE</subfield></datafield><datafield ind1=" " ind2="7" tag="072"><subfield code="a">it</subfield><subfield code="2">rero</subfield></datafield><datafield ind1="0" ind2="4" tag="082"><subfield code="a">853</subfield><subfield code="2">21</subfield></datafield><datafield ind1="1" ind2="4" tag="082"><subfield code="a">853</subfield><subfield code="2">21</subfield></datafield><datafield ind1=" " ind2=" " tag="084"><subfield code="a">IV 02205</subfield><subfield code="2">rvk</subfield></datafield><datafield ind1="1" ind2=" " tag="100"><subfield code="a">Spranzi, Aldo</subfield><subfield code="d">1932-</subfield><subfield code="0">(DE-588)127094415</subfield><subfield code="6">880-01</subfield></datafield><datafield ind1="1" ind2=" " tag="880"><subfield code="6">100-01</subfield><subfield code="a">Spranzi, Aldo</subfield><subfield code="d">1932-....</subfield><subfield code="0">(IDREF)034407588</subfield><subfield code="4">cre</subfield></datafield><datafield ind1="1" ind2=" " tag="880"><subfield code="a">Spranzi, Aldo</subfield><subfield code="d">1956-</subfield><subfield code="0">(DE-588)133307182</subfield><subfield code="6">100-01</subfield></datafield><datafield ind1="1" ind2="0" tag="245"><subfield code="a">&lt;&lt;L'&gt;&gt;altro Manzoni</subfield><subfield code="b">indagine su un &quot;delitto perfetto&quot; che attendeva con impazienza di essere scoperto</subfield><subfield code="c">Aldo Spranzi</subfield></datafield><datafield ind1=" " ind2="1" tag="264"><subfield code="a">Milano</subfield><subfield code="b">Edizioni Ares</subfield><subfield code="c">2008</subfield></datafield><datafield ind1=" " ind2=" " tag="300"><subfield code="a">342 p.</subfield></datafield><datafield ind1=" " ind2=" " tag="336"><subfield code="b">txt</subfield><subfield code="2">rdacontent</subfield></datafield><datafield ind1=" " ind2=" " tag="337"><subfield code="b">n</subfield><subfield code="2">rdamedia</subfield></datafield><datafield ind1=" " ind2=" " tag="338"><subfield code="b">nc</subfield><subfield code="2">rdacarrier</subfield></datafield><datafield ind1="1" ind2=" " tag="490"><subfield code="a">Collana &quot;Faretra&quot;</subfield><subfield code="v">n. 63</subfield></datafield><datafield ind1=" " ind2=" " tag="520"><subfield code="a">Alessandro Manzoni, quello tramandato dai rituali della cultura letteraria, ha un sosia, rimasto finora sconosciuto. Il Manzoni ufficiale, quello che da sempre conosciamo, è una controfigura deputata a nascondere il Manzoni vero, il quale ha sotterrato nei Promessi sposi, sotto le apparenze di un cattolicissimo romanzo, una vicenda tutta diversa, che - come aveva subito sospettato il mondo cattolico dell'800 - è pervasa da un micidiale nichilismo anticristiano. Un criptoromanzo al quale spetta il titolo di massimo capolavoro della nostra letteratura. In questo libro Aldo Spranzi toglie la maschera al Manzoni, e fa emergere il romanzo nascosto, con la sua grandezza. Ci fa conoscere &lt;&lt;l'altro Manzoni&gt;&gt;, autentico superuomo protagonista di un'appassionante, incredibile avventura esistenziale, oltre che genio artistico. Liberato dal sarcofago nel quale, dopo averlo imbalsamato e divulgato, la cultura accademica l'ha per quasi due secoli rinchiuso, Manzoni e il suo capolavoro rinascono e rivelano una sconvolgente attualità . L'incontro con il vero Manzoni e con il romanzo nascosto è per l'uomo moderno, e in particolare per i giovani che popolano le nostre scuole, portatore di una sfida conturbante e affascinante.</subfield><subfield code="5">SBT/27.06.2011/BUL/RCG</subfield></datafield><datafield ind1="1" ind2="7" tag="600"><subfield code="a">Manzoni, Alessandro</subfield><subfield code="d">1785-1873</subfield><subfield code="t">&lt;&lt;I &gt;&gt;promessi sposi</subfield><subfield code="0">(IDREF)027383644</subfield><subfield code="2">idref</subfield></datafield><datafield ind1="1" ind2="7" tag="600"><subfield code="a">Manzoni, Alessandro; &lt;&lt;I&gt;&gt; promessi sposi</subfield><subfield code="2">idszbz</subfield></datafield><datafield ind1="1" ind2="7" tag="600"><subfield code="a">Manzoni, Alessandro</subfield><subfield code="d">1785-1873</subfield><subfield code="0">(DE-588)118577409</subfield><subfield code="2">gnd</subfield></datafield><datafield ind1="1" ind2="0" tag="600"><subfield code="a">Manzoni, Alessandro</subfield><subfield code="d">1785-1873</subfield><subfield code="t">Promessi sposi</subfield></datafield><datafield ind1="1" ind2="0" tag="600"><subfield code="a">Manzoni, Alessandro</subfield><subfield code="d">1785-1873</subfield><subfield code="x">Religion</subfield></datafield><datafield ind1="1" ind2="7" tag="600"><subfield code="a">Manzoni, Alessandro</subfield><subfield code="x">&lt;&lt;I&gt;&gt; promessi sposi</subfield><subfield code="2">idsbb</subfield></datafield><datafield ind1="1" ind2="7" tag="600"><subfield code="a">Manzoni, Alessandro</subfield><subfield code="x">Religion</subfield><subfield code="2">idsbb</subfield></datafield><datafield ind1=" " ind2="7" tag="650"><subfield code="a">Religion</subfield><subfield code="2">idszbz</subfield></datafield><datafield ind1=" " ind2=" " tag="691"><subfield code="e">853.7</subfield><subfield code="a">Narrativa italiana, 1814-1859</subfield><subfield code="2">usi-TE</subfield></datafield><datafield ind1="4" ind2=" " tag="856"><subfield code="3">Titelblatt und Inhaltsverzeichnis</subfield><subfield code="u">https://toc.library.ethz.ch/objects/pdf/z01_978-88-8155-413-3_01.pdf</subfield><subfield code="q">pdf</subfield></datafield><datafield ind1=" " ind2="0" tag="830"><subfield code="a">Collana Faretra</subfield><subfield code="v">63</subfield><subfield code="w">(RERO)1576814-41slsp</subfield></datafield><datafield ind1=" " ind2="0" tag="830"><subfield code="a">Faretra</subfield><subfield code="v">63</subfield><subfield code="w">(SBT)000213561SBT01</subfield></datafield><datafield ind1=" " ind2=" " tag="900"><subfield code="a">IDSZ2zbzmon201107p</subfield><subfield code="c">IDSZ2muez</subfield><subfield code="d">IDSZ2zbzswk201107b</subfield><subfield code="e">IDSZ2brua</subfield></datafield><datafield ind1=" " ind2=" " tag="949"><subfield code="a">https://toc.library.ethz.ch/objects/pdf/z01_978-88-8155-413-3_01.pdf</subfield></datafield><datafield ind1=" " ind2=" " tag="993"><subfield code="a">BFLA 215256</subfield><subfield code="x">ge/ulit/a/09/224</subfield><subfield code="9">LOCAL</subfield></datafield></record>
</metadata></record>