<record><header><identifier>oai:alma.41SLSP_UGE:991000096129705502</identifier><datestamp>2023-04-08T00:14:17Z</datestamp><setSpec>uge_bcen_RapidILL_BOOK</setSpec><setSpec>uge_aaca_RapidILL_BOOK</setSpec><setSpec>uge_abels_RapidILL_BOOK</setSpec><setSpec>uge_dbu_RapidILL_BOOK</setSpec><setSpec>uge_cmu_RapidILL_BOOK</setSpec><setSpec>uge_mail_RapidILL_BOOK</setSpec><setSpec>uge_abbat_RapidILL_BOOK</setSpec><setSpec>UNIGE_ALL</setSpec><setSpec>uge_acar_RapidILL_BOOK</setSpec><setSpec>uge_aobs_RapidILL_BOOK</setSpec></header><metadata>
<record xmlns="http://www.loc.gov/MARC21/slim" xmlns:xsi="http://www.w3.org/2001/XMLSchema-instance" xsi:schemaLocation="http://www.loc.gov/MARC21/slim http://www.loc.gov/standards/marcxml/schema/MARC21slim.xsd"><leader>02500nam a2200421 c 4500</leader><controlfield tag="001">991000096129705502</controlfield><controlfield tag="005">20230407145233.0</controlfield><controlfield tag="008">170622s2017    fr ||||| |||| 00| ||fre d</controlfield><datafield ind1=" " ind2=" " tag="020"><subfield code="a">9782818505281</subfield></datafield><datafield ind1="7" ind2=" " tag="024"><subfield code="a">http://catalogue.bnf.fr/ark:/12148/cb453538479</subfield><subfield code="2">uri</subfield></datafield><datafield ind1=" " ind2=" " tag="035"><subfield code="a">(swissbib)123958385-41slsp_network</subfield></datafield><datafield ind1=" " ind2=" " tag="035"><subfield code="a">123958385</subfield><subfield code="9">ExL</subfield></datafield><datafield ind1=" " ind2=" " tag="035"><subfield code="a">(RERO)R008670181-41slsp</subfield></datafield><datafield ind1=" " ind2=" " tag="035"><subfield code="a">(EXLNZ-41SLSP_NETWORK)991091207369705501</subfield></datafield><datafield ind1=" " ind2=" " tag="040"><subfield code="a">RERO necfbv</subfield><subfield code="d">CH-ZuSLS</subfield></datafield><datafield ind1="1" ind2=" " tag="041"><subfield code="a">fre</subfield><subfield code="h">eng</subfield></datafield><datafield ind1=" " ind2="7" tag="072"><subfield code="a">so</subfield><subfield code="2">rero</subfield></datafield><datafield ind1=" " ind2="7" tag="072"><subfield code="a">ps</subfield><subfield code="2">rero</subfield></datafield><datafield ind1="1" ind2=" " tag="100"><subfield code="a">Milgram, Stanley</subfield><subfield code="d">1933-1984</subfield><subfield code="0">(IDREF)033096244</subfield><subfield code="4">cre</subfield></datafield><datafield ind1="1" ind2="0" tag="245"><subfield code="a">Soumission à l'autorité</subfield><subfield code="b">un point de vue expérimental</subfield><subfield code="c">Stanley Milgram ; avant-propos de Jean-Léon Beauvois</subfield></datafield><datafield ind1=" " ind2=" " tag="250"><subfield code="a">Edition de référence</subfield></datafield><datafield ind1=" " ind2="1" tag="264"><subfield code="a">Paris</subfield><subfield code="b">Pluriel</subfield><subfield code="c">2017</subfield></datafield><datafield ind1=" " ind2=" " tag="300"><subfield code="a">311 p.</subfield></datafield><datafield ind1=" " ind2=" " tag="336"><subfield code="b">txt</subfield><subfield code="2">rdacontent</subfield></datafield><datafield ind1=" " ind2=" " tag="337"><subfield code="b">n</subfield><subfield code="2">rdamedia</subfield></datafield><datafield ind1=" " ind2=" " tag="338"><subfield code="b">nc</subfield><subfield code="2">rdacarrier</subfield></datafield><datafield ind1=" " ind2=" " tag="500"><subfield code="a">Trad. de : Obedience to authority : an experimental view</subfield></datafield><datafield ind1=" " ind2=" " tag="504"><subfield code="a">Bibliogr. : p. [305]-311</subfield></datafield><datafield ind1="8" ind2=" " tag="520"><subfield code="a">Serions-nous tous des fonctionnaires de l'horreur en puissance ? C'est l'angoissante question que se pose tout lecteur de Soumission à l'autorité. Le récit qu'y donne Stanley Milgram de ses expériences effectuées en laboratoire entre 1950 et 1963 bouleverse en effet bien des idées reçues. Au prétexte d'une enquête apparemment banale sur l'apprentissage et la mémoire, Milgram a réalisé une fantastique série d'expériences, où des hommes et des femmes recevaient l'ordre d'infliger à une innocente victime des chocs électriques de plus en plus violents. Combien d'entre eux allaient obéir ? Et jusqu'où ? Les résultats inattendus firent naître une controverse passionnée. Où finit la soumission à l'autorité... et où commence la responsabilité de l'individu ? Le livre propose une analyse originale de l'obéissance et de la résistance de citoyens ordinaires confrontés au pouvoir. (4e de couv.)</subfield><subfield code="5">RERO/njhep-/03.2018</subfield></datafield><datafield ind1=" " ind2="7" tag="650"><subfield code="a">Autorité</subfield><subfield code="0">(IDREF)027259676</subfield><subfield code="2">idref</subfield></datafield><datafield ind1=" " ind2="7" tag="650"><subfield code="a">Obéissance</subfield><subfield code="0">(IDREF)027243826</subfield><subfield code="2">idref</subfield></datafield><datafield ind1=" " ind2="7" tag="650"><subfield code="a">Psychologie</subfield><subfield code="0">(IDREF)027346900</subfield><subfield code="2">idref</subfield></datafield><datafield ind1=" " ind2="7" tag="650"><subfield code="a">Autorité (psychologie)</subfield><subfield code="0">(IDREF)027709035</subfield><subfield code="2">idref</subfield></datafield><datafield ind1=" " ind2="7" tag="650"><subfield code="a">Influence (psychologie)</subfield><subfield code="0">(IDREF)027853810</subfield><subfield code="2">idref</subfield></datafield><datafield ind1=" " ind2="7" tag="650"><subfield code="a">Responsabilité</subfield><subfield code="0">(IDREF)027267482</subfield><subfield code="2">idref</subfield></datafield><datafield ind1=" " ind2="7" tag="650"><subfield code="a">Individu et société</subfield><subfield code="0">(IDREF)028049411</subfield><subfield code="2">idref</subfield></datafield><datafield ind1=" " ind2="7" tag="650"><subfield code="a">Psychologie sociale</subfield><subfield code="0">(IDREF)027241661</subfield><subfield code="2">idref</subfield></datafield><datafield ind1="1" ind2=" " tag="700"><subfield code="a">Beauvois, Jean-Léon</subfield><subfield code="d">1943-2020</subfield><subfield code="0">(IDREF)026713195</subfield></datafield><datafield ind1=" " ind2=" " tag="900"><subfield code="a">REROnoselfmerge</subfield></datafield></record>
</metadata></record>