<record><header><identifier>oai:alma.41SLSP_UGE:991000095609705502</identifier><datestamp>2023-03-01T01:10:27Z</datestamp><setSpec>uge_bcen_RapidILL_BOOK</setSpec><setSpec>uge_aaca_RapidILL_BOOK</setSpec><setSpec>uge_abels_RapidILL_BOOK</setSpec><setSpec>uge_dbu_RapidILL_BOOK</setSpec><setSpec>uge_cmu_RapidILL_BOOK</setSpec><setSpec>uge_mail_RapidILL_BOOK</setSpec><setSpec>UNIGE_ALL</setSpec><setSpec>uge_abbat_RapidILL_BOOK</setSpec><setSpec>uge_aobs_RapidILL_BOOK</setSpec><setSpec>uge_acar_RapidILL_BOOK</setSpec></header><metadata>
<record xmlns="http://www.loc.gov/MARC21/slim" xmlns:xsi="http://www.w3.org/2001/XMLSchema-instance" xsi:schemaLocation="http://www.loc.gov/MARC21/slim http://www.loc.gov/standards/marcxml/schema/MARC21slim.xsd"><leader>01910nam a2200481uc 4500</leader><controlfield tag="001">991000095609705502</controlfield><controlfield tag="005">20230127181508.0</controlfield><controlfield tag="008">201011s1996    ne     |      00| ||eng|d</controlfield><datafield ind1=" " ind2=" " tag="020"><subfield code="a">0792338030</subfield></datafield><datafield ind1="7" ind2=" " tag="024"><subfield code="a">http://catalogue.bnf.fr/ark:/12148/cb361764847</subfield><subfield code="2">uri</subfield></datafield><datafield ind1=" " ind2=" " tag="035"><subfield code="a">(swissbib)211767425-41slsp_network</subfield></datafield><datafield ind1=" " ind2=" " tag="035"><subfield code="a">211767425</subfield><subfield code="9">ExL</subfield></datafield><datafield ind1=" " ind2=" " tag="035"><subfield code="a">(NEBIS)001546982EBI01</subfield></datafield><datafield ind1=" " ind2=" " tag="035"><subfield code="a">(RERO)2256961-41slsp</subfield></datafield><datafield ind1=" " ind2=" " tag="035"><subfield code="a">(EXLNZ-41SLSP_NETWORK)991133504099705501</subfield></datafield><datafield ind1=" " ind2=" " tag="040"><subfield code="a">ZBZ</subfield><subfield code="b">ger</subfield><subfield code="e">ETHICS-ISBD</subfield><subfield code="d">CH-ZuSLS</subfield></datafield><datafield ind1=" " ind2="7" tag="072"><subfield code="a">ph</subfield><subfield code="2">rero</subfield></datafield><datafield ind1="0" ind2="0" tag="082"><subfield code="a">170/.92</subfield><subfield code="2">20</subfield></datafield><datafield ind1="1" ind2="4" tag="082"><subfield code="a">193</subfield><subfield code="2">22</subfield></datafield><datafield ind1="1" ind2=" " tag="100"><subfield code="a">Schubert Kalsi, Marie-Luise</subfield><subfield code="0">(IDREF)081281730</subfield><subfield code="4">cre</subfield></datafield><datafield ind1="1" ind2="0" tag="245"><subfield code="a">Alexius Meinong's &quot;Elements of ethics&quot;</subfield><subfield code="b">with translation of the fragment &quot;Ethische Bausteine&quot;</subfield><subfield code="c">by Marie-Luise Schubert Kalsi</subfield></datafield><datafield ind1="1" ind2=" " tag="246"><subfield code="a">Elements of ethics</subfield></datafield><datafield ind1="1" ind2=" " tag="246"><subfield code="a">Ethische Bausteine</subfield></datafield><datafield ind1=" " ind2="1" tag="264"><subfield code="a">Dordrecht [etc.]</subfield><subfield code="b">Kluwer Academic Publishers</subfield><subfield code="c">1996</subfield></datafield><datafield ind1=" " ind2=" " tag="300"><subfield code="a">XIV, 192 p.</subfield><subfield code="c">25 cm</subfield></datafield><datafield ind1=" " ind2=" " tag="336"><subfield code="b">txt</subfield><subfield code="2">rdacontent</subfield></datafield><datafield ind1=" " ind2=" " tag="337"><subfield code="b">n</subfield><subfield code="2">rdamedia</subfield></datafield><datafield ind1=" " ind2=" " tag="338"><subfield code="b">nc</subfield><subfield code="2">rdacarrier</subfield></datafield><datafield ind1=" " ind2=" " tag="504"><subfield code="a">Literaturverz.</subfield></datafield><datafield ind1="1" ind2="7" tag="600"><subfield code="a">Meinong, Alexius; Ethische Bausteine</subfield><subfield code="2">idszbz</subfield></datafield><datafield ind1="1" ind2="7" tag="600"><subfield code="a">Meinong, Alexius</subfield><subfield code="d">1853-1920</subfield><subfield code="t">Ethische Bausteine</subfield><subfield code="0">(DE-588)4449553-5</subfield><subfield code="2">gnd</subfield></datafield><datafield ind1="1" ind2="0" tag="600"><subfield code="a">Meinong, A</subfield><subfield code="q">Alexius</subfield><subfield code="d">1853-1920</subfield></datafield><datafield ind1="1" ind2="7" tag="600"><subfield code="a">Meinong, Alexius.</subfield><subfield code="t">Abhandlungen der Werttheorie.</subfield><subfield code="p">Ethische Bausteine</subfield><subfield code="0">(RERO)A010115701</subfield><subfield code="2">rero</subfield></datafield><datafield ind1="1" ind2="7" tag="600"><subfield code="a">Meinong, Alexius</subfield><subfield code="d">1853-1920</subfield><subfield code="0">(IDREF)032731329</subfield><subfield code="2">idref</subfield></datafield><datafield ind1=" " ind2="7" tag="648"><subfield code="a">Geschichte 1923</subfield><subfield code="2">gnd</subfield></datafield><datafield ind1=" " ind2="7" tag="650"><subfield code="a">Ethik</subfield><subfield code="2">idszbz</subfield></datafield><datafield ind1=" " ind2="7" tag="650"><subfield code="a">Deontische Logik</subfield><subfield code="0">(DE-588)4133538-7</subfield><subfield code="2">gnd</subfield></datafield><datafield ind1=" " ind2="7" tag="650"><subfield code="a">Erkenntnistheorie</subfield><subfield code="0">(DE-588)4070914-0</subfield><subfield code="2">gnd</subfield></datafield><datafield ind1=" " ind2="7" tag="650"><subfield code="a">Ethik</subfield><subfield code="0">(DE-588)4015602-3</subfield><subfield code="2">gnd</subfield></datafield><datafield ind1=" " ind2="0" tag="650"><subfield code="a">Ethics</subfield></datafield><datafield ind1=" " ind2="7" tag="650"><subfield code="a">Morale</subfield><subfield code="0">(IDREF)027790029</subfield><subfield code="2">idref</subfield></datafield><datafield ind1="1" ind2=" " tag="700"><subfield code="a">Meinong, Alexius</subfield><subfield code="d">1853-1920</subfield><subfield code="0">(DE-588)118580213</subfield></datafield><datafield ind1="4" ind2=" " tag="856"><subfield code="3">Abstract / Autoreninformation</subfield><subfield code="u">https://toc.library.ethz.ch/objects/pdf/000068122_e01_0792338030_02.pdf</subfield><subfield code="q">pdf</subfield></datafield><datafield ind1=" " ind2=" " tag="900"><subfield code="a">REROnoselfmerge</subfield></datafield></record>
</metadata></record>