<record><header><identifier>oai:alma.41SLSP_UGE:991000096139705502</identifier><datestamp>2023-04-10T00:46:04Z</datestamp><setSpec>uge_bcen_RapidILL_BOOK</setSpec><setSpec>uge_aaca_RapidILL_BOOK</setSpec><setSpec>uge_abels_RapidILL_BOOK</setSpec><setSpec>uge_dbu_RapidILL_BOOK</setSpec><setSpec>uge_cmu_RapidILL_BOOK</setSpec><setSpec>uge_mail_RapidILL_BOOK</setSpec><setSpec>uge_abbat_RapidILL_BOOK</setSpec><setSpec>UNIGE_ALL</setSpec><setSpec>uge_aobs_RapidILL_BOOK</setSpec><setSpec>uge_acar_RapidILL_BOOK</setSpec></header><metadata>
<record xmlns="http://www.loc.gov/MARC21/slim" xmlns:xsi="http://www.w3.org/2001/XMLSchema-instance" xsi:schemaLocation="http://www.loc.gov/MARC21/slim http://www.loc.gov/standards/marcxml/schema/MARC21slim.xsd"><leader>02470nam a2200589 c 4500</leader><controlfield tag="001">991000096139705502</controlfield><controlfield tag="005">20230409160542.0</controlfield><controlfield tag="008">201012s1990    xxu||||| |||| 00| ||eng d</controlfield><datafield ind1=" " ind2=" " tag="010"><subfield code="a">90000402</subfield></datafield><datafield ind1=" " ind2=" " tag="019"><subfield code="a">O'Day, Danton Harry (1946-) / Rejnek</subfield></datafield><datafield ind1=" " ind2=" " tag="020"><subfield code="a">1555810233</subfield></datafield><datafield ind1="7" ind2=" " tag="024"><subfield code="a">http://catalogue.bnf.fr/ark:/12148/cb37372787m</subfield><subfield code="2">uri</subfield></datafield><datafield ind1=" " ind2=" " tag="035"><subfield code="a">(swissbib)237786265-41slsp_network</subfield></datafield><datafield ind1=" " ind2=" " tag="035"><subfield code="a">237786265</subfield><subfield code="9">ExL</subfield></datafield><datafield ind1=" " ind2=" " tag="035"><subfield code="a">(RERO)1506017-41slsp</subfield></datafield><datafield ind1=" " ind2=" " tag="035"><subfield code="a">(NEBIS)000586026EBI01</subfield></datafield><datafield ind1=" " ind2=" " tag="035"><subfield code="a">(EXLNZ-41SLSP_NETWORK)991113848539705501</subfield></datafield><datafield ind1=" " ind2=" " tag="040"><subfield code="a">RERO frbcuc</subfield><subfield code="d">CH-ZuSLS</subfield></datafield><datafield ind1=" " ind2="7" tag="072"><subfield code="a">bi</subfield><subfield code="2">rero</subfield></datafield><datafield ind1="0" ind2="0" tag="082"><subfield code="a">576/.11</subfield><subfield code="2">20</subfield></datafield><datafield ind1="1" ind2="4" tag="082"><subfield code="a">571.642 93</subfield><subfield code="2">22</subfield></datafield><datafield ind1="0" ind2="0" tag="245"><subfield code="a">Calcium as an intracellular messenger in eucaryotic microbes</subfield><subfield code="c">ed. by Danton H. O'Day</subfield></datafield><datafield ind1=" " ind2="1" tag="264"><subfield code="a">Washington D.C.</subfield><subfield code="b">American Society for Microbiology</subfield><subfield code="c">[1990]</subfield></datafield><datafield ind1=" " ind2="4" tag="264"><subfield code="c">© 1990</subfield></datafield><datafield ind1=" " ind2=" " tag="300"><subfield code="a">XI, 418 p.</subfield><subfield code="b">ill.</subfield><subfield code="c">27 cm</subfield></datafield><datafield ind1=" " ind2=" " tag="336"><subfield code="b">txt</subfield><subfield code="2">rdacontent</subfield></datafield><datafield ind1=" " ind2=" " tag="337"><subfield code="b">n</subfield><subfield code="2">rdamedia</subfield></datafield><datafield ind1=" " ind2=" " tag="338"><subfield code="b">nc</subfield><subfield code="2">rdacarrier</subfield></datafield><datafield ind1=" " ind2="7" tag="650"><subfield code="a">Calcium</subfield><subfield code="0">(IDREF)027798003</subfield><subfield code="2">idref</subfield></datafield><datafield ind1=" " ind2="7" tag="650"><subfield code="a">communication intracellulaire (biologie)</subfield><subfield code="0">(RERO)A009977594</subfield><subfield code="2">rerovoc</subfield></datafield><datafield ind1=" " ind2="7" tag="650"><subfield code="a">eucaryote</subfield><subfield code="0">(RERO)A010080908</subfield><subfield code="2">rerovoc</subfield></datafield><datafield ind1=" " ind2="7" tag="650"><subfield code="a">Calciumstoffwechsel</subfield><subfield code="2">idszbz</subfield></datafield><datafield ind1=" " ind2="7" tag="650"><subfield code="a">Mikroorganismus</subfield><subfield code="2">idszbz</subfield></datafield><datafield ind1=" " ind2="7" tag="650"><subfield code="a">Calcium</subfield><subfield code="0">(DE-588)4069806-3</subfield><subfield code="2">gnd</subfield></datafield><datafield ind1=" " ind2="7" tag="650"><subfield code="a">Mikroorganismus</subfield><subfield code="0">(DE-588)4039226-0</subfield><subfield code="2">gnd</subfield></datafield><datafield ind1=" " ind2="0" tag="650"><subfield code="a">Calcium-binding proteins</subfield></datafield><datafield ind1=" " ind2="0" tag="650"><subfield code="a">Calcium-binding proteins</subfield><subfield code="x">Physiology</subfield></datafield><datafield ind1=" " ind2="0" tag="650"><subfield code="a">Calcium</subfield><subfield code="x">Metabolism</subfield></datafield><datafield ind1=" " ind2="0" tag="650"><subfield code="a">Calcium</subfield><subfield code="x">Physiology</subfield></datafield><datafield ind1=" " ind2="0" tag="650"><subfield code="a">Cells</subfield><subfield code="x">Physiology</subfield></datafield><datafield ind1=" " ind2="0" tag="650"><subfield code="a">Cellular signal transduction</subfield></datafield><datafield ind1=" " ind2="0" tag="650"><subfield code="a">Eukaryotic cells</subfield></datafield><datafield ind1=" " ind2="7" tag="650"><subfield code="a">CALCIUM UND CALCIUMHALTIGE SUBSTANZEN (BIOCHEMIE)</subfield><subfield code="9">ger</subfield><subfield code="0">(ETHUDK)000021945</subfield><subfield code="2">ethudk</subfield></datafield><datafield ind1=" " ind2="7" tag="650"><subfield code="a">CALCIUM-SIGNALTRANSDUKTION (BIOCHEMIE)</subfield><subfield code="9">ger</subfield><subfield code="0">(ETHUDK)000046457</subfield><subfield code="2">ethudk</subfield></datafield><datafield ind1=" " ind2="7" tag="650"><subfield code="a">CALCIUMPROTEINE + CALCIUMPEPTIDE + CALCIUMBINDENDE PROTEINE + CALCIUMBINDENDE PEPTIDE (BIOCHEMIE)</subfield><subfield code="9">ger</subfield><subfield code="0">(ETHUDK)000021823</subfield><subfield code="2">ethudk</subfield></datafield><datafield ind1=" " ind2="7" tag="650"><subfield code="a">CALMODULIN (PROTEINE, PEPTIDE)</subfield><subfield code="9">ger</subfield><subfield code="0">(ETHUDK)000021824</subfield><subfield code="2">ethudk</subfield></datafield><datafield ind1=" " ind2="7" tag="650"><subfield code="a">CYTOLOGISCHE BIOCHEMIE + CYTOLOGISCHE BIOPHYSIK + CYTOLOGISCHE MOLEKULARBIOLOGIE + CYTOLOGISCHE PHYSIOLOGIE</subfield><subfield code="9">ger</subfield><subfield code="0">(ETHUDK)000021646</subfield><subfield code="2">ethudk</subfield></datafield><datafield ind1=" " ind2="7" tag="650"><subfield code="a">EUKARYOTISCHE MIKROORGANISMEN (MIKROBIOLOGIE)</subfield><subfield code="9">ger</subfield><subfield code="0">(ETHUDK)000046018</subfield><subfield code="2">ethudk</subfield></datafield><datafield ind1=" " ind2="7" tag="650"><subfield code="a">INOSITPHOSPHATE (BIOCHEMIE)</subfield><subfield code="9">ger</subfield><subfield code="0">(ETHUDK)000040684</subfield><subfield code="2">ethudk</subfield></datafield><datafield ind1=" " ind2="7" tag="655"><subfield code="a">Aufsatzsammlung</subfield><subfield code="2">idszbz</subfield></datafield><datafield ind1="1" ind2=" " tag="700"><subfield code="a">O'Day, Danton Harry</subfield></datafield><datafield ind1="1" ind2=" " tag="700"><subfield code="a">O'Day, Danton H.</subfield><subfield code="0">(IDREF)032095392</subfield></datafield><datafield ind1=" " ind2=" " tag="900"><subfield code="a">REROnoselfmerge</subfield></datafield></record>
</metadata></record>