<record><header><identifier>oai:alma.41SLSP_UGE:991000095619705502</identifier><datestamp>2024-10-05T00:13:15Z</datestamp><setSpec>uge_bcen_RapidILL_BOOK</setSpec><setSpec>uge_aaca_RapidILL_BOOK</setSpec><setSpec>uge_abels_RapidILL_BOOK</setSpec><setSpec>uge_dbu_RapidILL_BOOK</setSpec><setSpec>uge_cmu_RapidILL_BOOK</setSpec><setSpec>uge_mail_RapidILL_BOOK</setSpec><setSpec>uge_abbat_RapidILL_BOOK</setSpec><setSpec>UNIGE_ALL</setSpec><setSpec>uge_acar_RapidILL_BOOK</setSpec><setSpec>uge_aobs_RapidILL_BOOK</setSpec></header><metadata>
<record xmlns="http://www.loc.gov/MARC21/slim" xmlns:xsi="http://www.w3.org/2001/XMLSchema-instance" xsi:schemaLocation="http://www.loc.gov/MARC21/slim http://www.loc.gov/standards/marcxml/schema/MARC21slim.xsd"><leader>02073nam a2200541 c 4500</leader><controlfield tag="001">991000095619705502</controlfield><controlfield tag="005">20241004205824.0</controlfield><controlfield tag="008">201012t19801980gw ||||| |||| 00| ||ger d</controlfield><datafield ind1=" " ind2=" " tag="035"><subfield code="a">(swissbib)237152657-41slsp_network</subfield></datafield><datafield ind1=" " ind2=" " tag="035"><subfield code="a">237152657</subfield><subfield code="9">ExL</subfield></datafield><datafield ind1=" " ind2=" " tag="035"><subfield code="a">(RERO)0571630-41slsp</subfield></datafield><datafield ind1=" " ind2=" " tag="035"><subfield code="a">(IDSLU)000278373ILU01</subfield></datafield><datafield ind1=" " ind2=" " tag="035"><subfield code="a">(NEBIS)002859938EBI01</subfield></datafield><datafield ind1=" " ind2=" " tag="035"><subfield code="a">(IDSBB)003293245DSV01</subfield></datafield><datafield ind1=" " ind2=" " tag="035"><subfield code="a">(EXLNZ-41SLSP_NETWORK)991104428779705501</subfield></datafield><datafield ind1=" " ind2=" " tag="040"><subfield code="a">RERO</subfield><subfield code="d">CH-ZuSLS</subfield></datafield><datafield ind1="1" ind2=" " tag="041"><subfield code="a">ger</subfield><subfield code="h">rus</subfield></datafield><datafield ind1=" " ind2="7" tag="072"><subfield code="a">lg</subfield><subfield code="2">rero</subfield></datafield><datafield ind1=" " ind2="7" tag="072"><subfield code="a">100</subfield><subfield code="2">IDS LU</subfield></datafield><datafield ind1=" " ind2="7" tag="072"><subfield code="a">510</subfield><subfield code="2">IDS LU</subfield></datafield><datafield ind1="0" ind2="0" tag="082"><subfield code="a">410/.9</subfield><subfield code="2">19</subfield></datafield><datafield ind1=" " ind2=" " tag="084"><subfield code="a">ER 500</subfield><subfield code="2">rvk</subfield></datafield><datafield ind1="1" ind2=" " tag="100"><subfield code="a">Amirova, Tamara Aleksandrovna</subfield><subfield code="0">(IDREF)152345337</subfield><subfield code="4">cre</subfield></datafield><datafield ind1="1" ind2="0" tag="245"><subfield code="a">Abriss der Geschichte der Linguistik</subfield><subfield code="c">T.A. Amirova, B.A. Olʹchovikov, Ju.V. Roz#destvenskij ; ins Deutsche übers. von Barbara Meier ; hrsg. von Georg Friedrich Meier</subfield></datafield><datafield ind1=" " ind2=" " tag="250"><subfield code="a">1. Aufl.</subfield></datafield><datafield ind1=" " ind2="1" tag="264"><subfield code="a">Leipzig</subfield><subfield code="b">VEB Bibliographisches Institut</subfield><subfield code="c">1980</subfield></datafield><datafield ind1=" " ind2="4" tag="264"><subfield code="c">© 1980</subfield></datafield><datafield ind1=" " ind2=" " tag="300"><subfield code="a">484 p.</subfield><subfield code="b">ill.</subfield><subfield code="c">23 cm</subfield></datafield><datafield ind1=" " ind2=" " tag="336"><subfield code="b">txt</subfield><subfield code="2">rdacontent</subfield></datafield><datafield ind1=" " ind2=" " tag="337"><subfield code="b">n</subfield><subfield code="2">rdamedia</subfield></datafield><datafield ind1=" " ind2=" " tag="338"><subfield code="b">nc</subfield><subfield code="2">rdacarrier</subfield></datafield><datafield ind1=" " ind2=" " tag="500"><subfield code="a">Originaltitel: Očerki po istorii lingvistiki</subfield></datafield><datafield ind1=" " ind2=" " tag="500"><subfield code="a">Orginalausgabe erschienen: Moskau : Nauka, 1975</subfield></datafield><datafield ind1=" " ind2="7" tag="648"><subfield code="a">Geschichte</subfield><subfield code="2">gnd</subfield></datafield><datafield ind1=" " ind2="7" tag="650"><subfield code="a">Linguistik</subfield><subfield code="0">(DE-588)4074250-7</subfield><subfield code="2">gnd</subfield></datafield><datafield ind1=" " ind2="0" tag="650"><subfield code="a">Linguistics</subfield><subfield code="x">History</subfield></datafield><datafield ind1=" " ind2="7" tag="655"><subfield code="a">Einführung</subfield><subfield code="2">gnd-content</subfield></datafield><datafield ind1=" " ind2=" " tag="690"><subfield code="a">Sprachwissenschaft / Geschichte / 1980- ersch.</subfield><subfield code="2">uzb-Z9</subfield></datafield><datafield ind1="1" ind2=" " tag="700"><subfield code="a">Amirova, T. A.</subfield><subfield code="0">(DE-588)1055778780</subfield></datafield><datafield ind1="1" ind2=" " tag="700"><subfield code="a">Ol´khovikov, Boris Andreevich</subfield></datafield><datafield ind1="1" ind2=" " tag="700"><subfield code="a">Roždestvenskij, Jurij Vladimirovič</subfield><subfield code="d">1926-1999</subfield><subfield code="0">(DE-588)103180648</subfield></datafield><datafield ind1="1" ind2=" " tag="700"><subfield code="a">Olʹchovikov, Boris Andreevič</subfield></datafield><datafield ind1="1" ind2=" " tag="700"><subfield code="a">Roždestvenskij, Jurij Vladimirovič</subfield></datafield><datafield ind1="1" ind2=" " tag="700"><subfield code="a">Meier, Barbara</subfield><subfield code="0">(RERO)A026130476</subfield></datafield><datafield ind1="1" ind2=" " tag="700"><subfield code="a">Olʹhovikov, Boris Andreevič</subfield><subfield code="d">1929-2006</subfield><subfield code="0">(IDREF)166243027</subfield></datafield><datafield ind1="1" ind2=" " tag="700"><subfield code="a">Roždestvenskij, Ûrij Vladimirovič</subfield><subfield code="d">1926-1999</subfield><subfield code="0">(IDREF)095620591</subfield></datafield><datafield ind1="1" ind2=" " tag="700"><subfield code="a">Meier, Georg Friedrich</subfield><subfield code="d">1919-1992</subfield><subfield code="0">(RERO)A026130655</subfield></datafield><datafield ind1=" " ind2=" " tag="900"><subfield code="a">REROnoselfmerge</subfield></datafield><datafield ind1=" " ind2=" " tag="900"><subfield code="a">IDSZRMedeaZBZ</subfield></datafield></record>
</metadata></record>