<record><header><identifier>oai:alma.41SLSP_UGE:991000095729705502</identifier><datestamp>2024-09-13T00:10:05Z</datestamp><setSpec>uge_bcen_RapidILL_BOOK</setSpec><setSpec>uge_aaca_RapidILL_BOOK</setSpec><setSpec>uge_abels_RapidILL_BOOK</setSpec><setSpec>uge_dbu_RapidILL_BOOK</setSpec><setSpec>uge_cmu_RapidILL_BOOK</setSpec><setSpec>uge_mail_RapidILL_BOOK</setSpec><setSpec>uge_abbat_RapidILL_BOOK</setSpec><setSpec>UNIGE_ALL</setSpec><setSpec>uge_aobs_RapidILL_BOOK</setSpec><setSpec>uge_acar_RapidILL_BOOK</setSpec></header><metadata>
<record xmlns="http://www.loc.gov/MARC21/slim" xmlns:xsi="http://www.w3.org/2001/XMLSchema-instance" xsi:schemaLocation="http://www.loc.gov/MARC21/slim http://www.loc.gov/standards/marcxml/schema/MARC21slim.xsd"><leader>01611nam a2200385 ca4500</leader><controlfield tag="001">991000095729705502</controlfield><controlfield tag="005">20240912203240.0</controlfield><controlfield tag="008">201011m19941997xxu||||| |||| 00| ||eng d</controlfield><datafield ind1=" " ind2=" " tag="020"><subfield code="a">0844408093</subfield></datafield><datafield ind1="7" ind2=" " tag="024"><subfield code="a">http://catalogue.bnf.fr/ark:/12148/cb366992495</subfield><subfield code="2">uri</subfield></datafield><datafield ind1=" " ind2=" " tag="035"><subfield code="a">(swissbib)212891030-41slsp_network</subfield></datafield><datafield ind1=" " ind2=" " tag="035"><subfield code="a">212891030</subfield><subfield code="9">ExL</subfield></datafield><datafield ind1=" " ind2=" " tag="035"><subfield code="a">(RERO)R224104160-41slsp</subfield></datafield><datafield ind1=" " ind2=" " tag="035"><subfield code="a">(IDSBB)001538655DSV01</subfield></datafield><datafield ind1=" " ind2=" " tag="035"><subfield code="a">(EXLNZ-41SLSP_NETWORK)991152394319705501</subfield></datafield><datafield ind1=" " ind2=" " tag="040"><subfield code="a">RERO labcud</subfield><subfield code="d">CH-ZuSLS</subfield></datafield><datafield ind1=" " ind2="7" tag="072"><subfield code="a">bt</subfield><subfield code="2">rero</subfield></datafield><datafield ind1=" " ind2="7" tag="072"><subfield code="a">bb</subfield><subfield code="2">SzZuIDS BS/BE</subfield></datafield><datafield ind1="1" ind2="4" tag="082"><subfield code="a">020</subfield><subfield code="2">15</subfield></datafield><datafield ind1="0" ind2="0" tag="245"><subfield code="a">USMARC format for bibliographic data</subfield><subfield code="b">including guidelines for content designation</subfield><subfield code="c">prepared by Network Development and MARC Standards Office</subfield></datafield><datafield ind1="1" ind2=" " tag="246"><subfield code="a">USMARC bibliographic format</subfield></datafield><datafield ind1=" " ind2=" " tag="250"><subfield code="a">1994 ed.</subfield></datafield><datafield ind1=" " ind2="1" tag="264"><subfield code="a">Washington</subfield><subfield code="b">Library of Congress Cataloging Distribution Service</subfield><subfield code="c">1994-1997</subfield></datafield><datafield ind1=" " ind2=" " tag="300"><subfield code="a">Loseblattausgabe in 2 Ordnern</subfield><subfield code="c">29 cm</subfield></datafield><datafield ind1=" " ind2=" " tag="336"><subfield code="b">txt</subfield><subfield code="2">rdacontent</subfield></datafield><datafield ind1=" " ind2=" " tag="337"><subfield code="b">n</subfield><subfield code="2">rdamedia</subfield></datafield><datafield ind1=" " ind2=" " tag="338"><subfield code="b">nc</subfield><subfield code="2">rdacarrier</subfield></datafield><datafield ind1=" " ind2=" " tag="500"><subfield code="a">Publication à feuillets mobiles</subfield></datafield><datafield ind1=" " ind2=" " tag="500"><subfield code="a">La couverture porte le titre : USMARC bibliographic format</subfield></datafield><datafield ind1=" " ind2=" " tag="500"><subfield code="a">Nouvelle éd. parue en 1999 sous le titre &quot;MARC 21 format for bibliographic data ...&quot;</subfield></datafield><datafield ind1=" " ind2=" " tag="500"><subfield code="a">Blätter periodisch ergänzt</subfield></datafield><datafield ind1=" " ind2="7" tag="650"><subfield code="a">USMARC (format)</subfield><subfield code="0">(RERO)A010035282</subfield><subfield code="2">rerovoc</subfield></datafield><datafield ind1=" " ind2="7" tag="655"><subfield code="a">Manuels d'enseignement</subfield><subfield code="0">(IDREF)027446514</subfield><subfield code="2">idref</subfield></datafield><datafield ind1="2" ind2=" " tag="710"><subfield code="a">Library of Congress</subfield><subfield code="b">Network Development and MARC Standards Office</subfield><subfield code="0">(DE-588)514009-2</subfield></datafield><datafield ind1="2" ind2=" " tag="710"><subfield code="a">Library of Congress</subfield><subfield code="b">Network Development Office and MARC Standard Office</subfield><subfield code="0">(RERO)A000183838</subfield></datafield><datafield ind1=" " ind2=" " tag="900"><subfield code="a">REROnoselfmerge</subfield></datafield></record>
</metadata></record>