<record><header><identifier>oai:alma.41SLSP_UGE:991000096249705502</identifier><datestamp>2023-03-01T01:10:27Z</datestamp><setSpec>uge_bcen_RapidILL_BOOK</setSpec><setSpec>uge_aaca_RapidILL_BOOK</setSpec><setSpec>uge_abels_RapidILL_BOOK</setSpec><setSpec>uge_dbu_RapidILL_BOOK</setSpec><setSpec>uge_cmu_RapidILL_BOOK</setSpec><setSpec>uge_mail_RapidILL_BOOK</setSpec><setSpec>UNIGE_ALL</setSpec><setSpec>uge_abbat_RapidILL_BOOK</setSpec><setSpec>uge_aobs_RapidILL_BOOK</setSpec><setSpec>uge_acar_RapidILL_BOOK</setSpec></header><metadata>
<record xmlns="http://www.loc.gov/MARC21/slim" xmlns:xsi="http://www.w3.org/2001/XMLSchema-instance" xsi:schemaLocation="http://www.loc.gov/MARC21/slim http://www.loc.gov/standards/marcxml/schema/MARC21slim.xsd"><leader>01532naa a2200289 c 4500</leader><controlfield tag="001">991000096249705502</controlfield><controlfield tag="005">20201222201112.0</controlfield><controlfield tag="008">100719s1959    sz ||||| |||| 00| ||ger d</controlfield><datafield ind1=" " ind2=" " tag="035"><subfield code="a">(swissbib)110620410-41slsp_network</subfield></datafield><datafield ind1=" " ind2=" " tag="035"><subfield code="a">110620410</subfield><subfield code="9">ExL</subfield></datafield><datafield ind1=" " ind2=" " tag="035"><subfield code="a">(RERO)R005491885-41slsp</subfield></datafield><datafield ind1=" " ind2=" " tag="035"><subfield code="a">(EXLNZ-41SLSP_NETWORK)991003642979705501</subfield></datafield><datafield ind1=" " ind2=" " tag="040"><subfield code="a">RERO geussc</subfield><subfield code="d">CH-ZuSLS</subfield></datafield><datafield ind1=" " ind2=" " tag="044"><subfield code="a">sz</subfield><subfield code="c">ch-zh</subfield></datafield><datafield ind1=" " ind2="7" tag="072"><subfield code="a">zo</subfield><subfield code="2">rero</subfield></datafield><datafield ind1="1" ind2=" " tag="100"><subfield code="a">Hadorn, Ernst</subfield><subfield code="0">(RERO)A003338702</subfield><subfield code="4">cre</subfield></datafield><datafield ind1="1" ind2="0" tag="245"><subfield code="a">Aendert sich die Phasenspezifität von Letalfaktoren ?</subfield><subfield code="c">Ernst Hadorn</subfield></datafield><datafield ind1=" " ind2=" " tag="336"><subfield code="b">txt</subfield><subfield code="2">rdacontent</subfield></datafield><datafield ind1=" " ind2=" " tag="337"><subfield code="b">n</subfield><subfield code="2">rdamedia</subfield></datafield><datafield ind1=" " ind2=" " tag="338"><subfield code="b">nc</subfield><subfield code="2">rdacarrier</subfield></datafield><datafield ind1="1" ind2=" " tag="490"><subfield code="a">Georges und Antoine Claraz-Schenkung. [Serie Zoologie</subfield><subfield code="v">Nr. 185]</subfield></datafield><datafield ind1=" " ind2=" " tag="500"><subfield code="a">Texte en allemand avec résumé en anglais</subfield></datafield><datafield ind1=" " ind2=" " tag="580"><subfield code="a">In: Archiv der Julius Klaus-Stiftung für Vererbungsforschung, Sozialanthropologie und Rassenhygiene. - Zürich. - Bd. 34(1959), H. 1/4, p. 234-239</subfield></datafield><datafield ind1=" " ind2=" " tag="580"><subfield code="a">Egalement publié dans: Jahresbericht der Schweizerischen Gesellschaft für Vererbungsforschung. - Zürich. - 19(1959), p. 234-239</subfield></datafield><datafield ind1="0" ind2=" " tag="773"><subfield code="t">Jahresbericht der Schweizerischen Gesellschaft für Vererbungsforschung = Jahresbericht / Société suisse de génétique (S.S.G.)</subfield><subfield code="g">1959/19/234</subfield><subfield code="w">(RERO)0570095-41slsp</subfield></datafield><datafield ind1="0" ind2=" " tag="773"><subfield code="t">Archiv der Julius Klaus-Stiftung für Vererbungsforschung Sozialanthropologie und Rassenhygiene</subfield><subfield code="g">1959/234</subfield><subfield code="g">yr:1959</subfield><subfield code="w">(RERO)0303390-41slsp</subfield></datafield><datafield ind1=" " ind2=" " tag="830"><subfield code="a">Donation &quot;Georges et Antoine Claraz&quot;</subfield><subfield code="p">Série zoologie</subfield><subfield code="v">185</subfield><subfield code="w">(RERO)R004837454-41slsp</subfield></datafield><datafield ind1=" " ind2=" " tag="900"><subfield code="a">REROnoselfmerge</subfield></datafield></record>
</metadata></record>