<record><header><identifier>oai:alma.41SLSP_UGE:991000095529705502</identifier><datestamp>2023-03-01T01:10:27Z</datestamp><setSpec>uge_bcen_RapidILL_BOOK</setSpec><setSpec>uge_aaca_RapidILL_BOOK</setSpec><setSpec>uge_abels_RapidILL_BOOK</setSpec><setSpec>uge_dbu_RapidILL_BOOK</setSpec><setSpec>uge_cmu_RapidILL_BOOK</setSpec><setSpec>uge_mail_RapidILL_BOOK</setSpec><setSpec>UNIGE_ALL</setSpec><setSpec>uge_abbat_RapidILL_BOOK</setSpec><setSpec>uge_aobs_RapidILL_BOOK</setSpec><setSpec>uge_acar_RapidILL_BOOK</setSpec></header><metadata>
<record xmlns="http://www.loc.gov/MARC21/slim" xmlns:xsi="http://www.w3.org/2001/XMLSchema-instance" xsi:schemaLocation="http://www.loc.gov/MARC21/slim http://www.loc.gov/standards/marcxml/schema/MARC21slim.xsd"><leader>01311nam a2200337 c 4500</leader><controlfield tag="001">991000095529705502</controlfield><controlfield tag="005">20230115210758.0</controlfield><controlfield tag="008">000830s1975    fr ||||| |||| 00| ||fre d</controlfield><datafield ind1=" " ind2=" " tag="020"><subfield code="a">2228500658</subfield></datafield><datafield ind1=" " ind2=" " tag="035"><subfield code="a">(swissbib)091623642-41slsp_network</subfield></datafield><datafield ind1=" " ind2=" " tag="035"><subfield code="a">091623642</subfield><subfield code="9">ExL</subfield></datafield><datafield ind1=" " ind2=" " tag="035"><subfield code="a">(RERO)2249674-41slsp</subfield></datafield><datafield ind1=" " ind2=" " tag="035"><subfield code="a">(EXLNZ-41SLSP_NETWORK)991154982969705501</subfield></datafield><datafield ind1=" " ind2=" " tag="040"><subfield code="a">RERO labcud</subfield><subfield code="d">CH-ZuSLS</subfield></datafield><datafield ind1=" " ind2="7" tag="072"><subfield code="a">lg</subfield><subfield code="2">rero</subfield></datafield><datafield ind1="1" ind2=" " tag="100"><subfield code="a">Saussure, Ferdinand de</subfield><subfield code="d">1857-1913</subfield><subfield code="0">(IDREF)027123995</subfield><subfield code="4">cre</subfield></datafield><datafield ind1="1" ind2="0" tag="245"><subfield code="a">Cours de linguistique générale</subfield><subfield code="c">Ferdinand de Saussure ; publ. par Charles Bally et Albert Sechehaye ; avec la collab. de Albert Riedlinger ; éd. critique préparée par Tullio de Mauro</subfield></datafield><datafield ind1=" " ind2="1" tag="264"><subfield code="a">Paris</subfield><subfield code="b">Payot</subfield><subfield code="c">1975</subfield></datafield><datafield ind1=" " ind2=" " tag="300"><subfield code="a">XVIII, 510 p.</subfield><subfield code="b">ill.</subfield><subfield code="c">23 cm</subfield></datafield><datafield ind1=" " ind2=" " tag="336"><subfield code="b">txt</subfield><subfield code="2">rdacontent</subfield></datafield><datafield ind1=" " ind2=" " tag="337"><subfield code="b">n</subfield><subfield code="2">rdamedia</subfield></datafield><datafield ind1=" " ind2=" " tag="338"><subfield code="b">nc</subfield><subfield code="2">rdacarrier</subfield></datafield><datafield ind1="1" ind2=" " tag="490"><subfield code="a">Payothèque</subfield></datafield><datafield ind1=" " ind2=" " tag="504"><subfield code="a">Bibliogr.: p. 481-495</subfield></datafield><datafield ind1=" " ind2="7" tag="650"><subfield code="a">Linguistique</subfield><subfield code="0">(IDREF)027236005</subfield><subfield code="2">idref</subfield></datafield><datafield ind1=" " ind2="7" tag="655"><subfield code="a">Manuels d'enseignement</subfield><subfield code="0">(IDREF)027446514</subfield><subfield code="2">idref</subfield></datafield><datafield ind1="1" ind2=" " tag="700"><subfield code="a">Bally, Charles</subfield><subfield code="d">1865-1947</subfield><subfield code="0">(IDREF)026702797</subfield></datafield><datafield ind1="1" ind2=" " tag="700"><subfield code="a">Sechehaye, Albert</subfield><subfield code="d">1870-1946</subfield><subfield code="0">(IDREF)027130061</subfield></datafield><datafield ind1="1" ind2=" " tag="700"><subfield code="a">Riedlinger, Albert</subfield><subfield code="d">1882-1978</subfield><subfield code="0">(IDREF)033166099</subfield></datafield><datafield ind1="1" ind2=" " tag="700"><subfield code="a">De Mauro, Tullio</subfield><subfield code="d">1932-2017</subfield><subfield code="0">(IDREF)02665363X</subfield></datafield><datafield ind1=" " ind2=" " tag="830"><subfield code="a">Payothèque</subfield><subfield code="w">(RERO)0338070-41slsp</subfield></datafield><datafield ind1=" " ind2=" " tag="900"><subfield code="a">REROnoselfmerge</subfield></datafield></record>
</metadata></record>