<record><header><identifier>oai:alma.41SLSP_UGE:991000095839705502</identifier><datestamp>2024-09-13T00:12:05Z</datestamp><setSpec>uge_bcen_RapidILL_BOOK</setSpec><setSpec>uge_aaca_RapidILL_BOOK</setSpec><setSpec>uge_abels_RapidILL_BOOK</setSpec><setSpec>uge_dbu_RapidILL_BOOK</setSpec><setSpec>uge_cmu_RapidILL_BOOK</setSpec><setSpec>uge_mail_RapidILL_BOOK</setSpec><setSpec>uge_abbat_RapidILL_BOOK</setSpec><setSpec>UNIGE_ALL</setSpec><setSpec>uge_acar_RapidILL_BOOK</setSpec><setSpec>uge_aobs_RapidILL_BOOK</setSpec></header><metadata>
<record xmlns="http://www.loc.gov/MARC21/slim" xmlns:xsi="http://www.w3.org/2001/XMLSchema-instance" xsi:schemaLocation="http://www.loc.gov/MARC21/slim http://www.loc.gov/standards/marcxml/schema/MARC21slim.xsd"><leader>01356nam a2200409 c 4500</leader><controlfield tag="001">991000095839705502</controlfield><controlfield tag="005">20240912195551.0</controlfield><controlfield tag="008">201011s1975    xxu||||| |||| 00| ||und d</controlfield><datafield ind1=" " ind2=" " tag="010"><subfield code="a">74034088</subfield></datafield><datafield ind1=" " ind2=" " tag="020"><subfield code="a">0813508029</subfield></datafield><datafield ind1=" " ind2=" " tag="020"><subfield code="a">9780813508023</subfield></datafield><datafield ind1="7" ind2=" " tag="024"><subfield code="a">http://catalogue.bnf.fr/ark:/12148/cb35443068x</subfield><subfield code="2">uri</subfield></datafield><datafield ind1=" " ind2=" " tag="035"><subfield code="a">(swissbib)218332254-41slsp_network</subfield></datafield><datafield ind1=" " ind2=" " tag="035"><subfield code="a">218332254</subfield><subfield code="9">ExL</subfield></datafield><datafield ind1=" " ind2=" " tag="035"><subfield code="a">(RERO)R007335927-41slsp</subfield></datafield><datafield ind1=" " ind2=" " tag="035"><subfield code="a">(NEBIS)005543208EBI01</subfield></datafield><datafield ind1=" " ind2=" " tag="035"><subfield code="a">(OCoLC)1174553</subfield><subfield code="z">(OCoLC)1681462</subfield></datafield><datafield ind1=" " ind2=" " tag="035"><subfield code="a">(EXLNZ-41SLSP_NETWORK)991074780009705501</subfield></datafield><datafield ind1=" " ind2=" " tag="040"><subfield code="a">BDF</subfield><subfield code="d">CH-ZuSLS</subfield></datafield><datafield ind1=" " ind2="7" tag="072"><subfield code="a">an</subfield><subfield code="2">rero</subfield></datafield><datafield ind1="0" ind2="0" tag="082"><subfield code="a">813/.5/4</subfield></datafield><datafield ind1="1" ind2="4" tag="082"><subfield code="a">813.54</subfield></datafield><datafield ind1="1" ind2=" " tag="100"><subfield code="a">Kuehl, John Richard</subfield><subfield code="d">1928-....</subfield><subfield code="0">(IDREF)028572858</subfield><subfield code="4">cre</subfield></datafield><datafield ind1="1" ind2="0" tag="245"><subfield code="a">John Hawkes and the craft of conflict</subfield><subfield code="c">by John Kuehl</subfield></datafield><datafield ind1=" " ind2="1" tag="264"><subfield code="a">New Brunswick</subfield><subfield code="b">N.J.</subfield><subfield code="b">Rutgers University press</subfield><subfield code="c">[1975]</subfield></datafield><datafield ind1=" " ind2="4" tag="264"><subfield code="c">© 1975</subfield></datafield><datafield ind1=" " ind2=" " tag="300"><subfield code="a">XII, 195 p.</subfield></datafield><datafield ind1=" " ind2=" " tag="336"><subfield code="b">txt</subfield><subfield code="2">rdacontent</subfield></datafield><datafield ind1=" " ind2=" " tag="337"><subfield code="b">n</subfield><subfield code="2">rdamedia</subfield></datafield><datafield ind1=" " ind2=" " tag="338"><subfield code="b">nc</subfield><subfield code="2">rdacarrier</subfield></datafield><datafield ind1=" " ind2=" " tag="500"><subfield code="a">Bibliogr. p. 191 à 195</subfield></datafield><datafield ind1="1" ind2="7" tag="600"><subfield code="a">Hawkes, John</subfield><subfield code="d">1925-1998</subfield><subfield code="0">(DE-588)118547275</subfield><subfield code="2">gnd</subfield></datafield><datafield ind1="1" ind2="0" tag="600"><subfield code="a">Hawkes, John</subfield><subfield code="d">1925-1998</subfield><subfield code="x">Criticism and interpretation</subfield></datafield><datafield ind1="1" ind2=" " tag="700"><subfield code="a">Kuehl, John Richard</subfield><subfield code="d">1928-</subfield><subfield code="0">(DE-588)136516246</subfield></datafield><datafield ind1=" " ind2=" " tag="900"><subfield code="a">REROnoselfmerge</subfield></datafield><datafield ind1=" " ind2=" " tag="900"><subfield code="a">IDSZ2esmon201012r</subfield><subfield code="c">IDSZ2fumo</subfield></datafield><datafield ind1=" " ind2=" " tag="900"><subfield code="a">IDSZRMedeaZBZ</subfield><subfield code="b">IDSZRSWK</subfield></datafield><datafield ind1=" " ind2=" " tag="910"><subfield code="a">OCoLC</subfield><subfield code="b">20130701</subfield><subfield code="c">Droits réservés</subfield></datafield></record>
</metadata></record>