<record><header><identifier>oai:alma.41SLSP_UGE:991000096369705502</identifier><datestamp>2023-03-01T01:10:27Z</datestamp><setSpec>uge_bcen_RapidILL_BOOK</setSpec><setSpec>uge_aaca_RapidILL_BOOK</setSpec><setSpec>uge_abels_RapidILL_BOOK</setSpec><setSpec>uge_dbu_RapidILL_BOOK</setSpec><setSpec>uge_cmu_RapidILL_BOOK</setSpec><setSpec>uge_mail_RapidILL_BOOK</setSpec><setSpec>UNIGE_ALL</setSpec><setSpec>uge_abbat_RapidILL_BOOK</setSpec><setSpec>uge_acar_RapidILL_BOOK</setSpec><setSpec>uge_aobs_RapidILL_BOOK</setSpec></header><metadata>
<record xmlns="http://www.loc.gov/MARC21/slim" xmlns:xsi="http://www.w3.org/2001/XMLSchema-instance" xsi:schemaLocation="http://www.loc.gov/MARC21/slim http://www.loc.gov/standards/marcxml/schema/MARC21slim.xsd"><leader>02202nam a2200553 c 4500</leader><controlfield tag="001">991000096369705502</controlfield><controlfield tag="005">20230207224317.0</controlfield><controlfield tag="008">201011s1977    xxu||||| m||| 00| ||eng d</controlfield><datafield ind1=" " ind2=" " tag="019"><subfield code="a">Catalogage: décrit l'ex. de thèse ; l'ex. commercial.</subfield><subfield code="5">RERO/05.09.1996/r/frbcuc/gae</subfield></datafield><datafield ind1=" " ind2=" " tag="020"><subfield code="a">0824027353</subfield></datafield><datafield ind1=" " ind2=" " tag="035"><subfield code="a">(swissbib)228602564-41slsp_network</subfield></datafield><datafield ind1=" " ind2=" " tag="035"><subfield code="a">228602564</subfield><subfield code="9">ExL</subfield></datafield><datafield ind1=" " ind2=" " tag="035"><subfield code="a">(RERO)0934494-41slsp</subfield></datafield><datafield ind1=" " ind2=" " tag="035"><subfield code="a">(NEBIS)001008362EBI01</subfield></datafield><datafield ind1=" " ind2=" " tag="035"><subfield code="a">(EXLNZ-41SLSP_NETWORK)991026867929705501</subfield></datafield><datafield ind1=" " ind2=" " tag="040"><subfield code="a">RERO gevbaa</subfield><subfield code="d">CH-ZuSLS</subfield></datafield><datafield ind1=" " ind2="7" tag="072"><subfield code="a">ba</subfield><subfield code="2">rero</subfield></datafield><datafield ind1="0" ind2="0" tag="082"><subfield code="a">730/.945/671</subfield><subfield code="2">19</subfield></datafield><datafield ind1="0" ind2="0" tag="082"><subfield code="a">730/.945/51</subfield><subfield code="2">18</subfield></datafield><datafield ind1="1" ind2=" " tag="100"><subfield code="6">880-01</subfield><subfield code="a">Weil-Garris, Kathleen</subfield><subfield code="d">1934-</subfield><subfield code="0">(IDREF)035491604</subfield><subfield code="4">cre</subfield></datafield><datafield ind1="1" ind2=" " tag="880"><subfield code="a">Weil-Garris, Kathleen</subfield><subfield code="0">(DE-588)1089253397</subfield><subfield code="6">100-01</subfield></datafield><datafield ind1="1" ind2="0" tag="245"><subfield code="a">&lt;&lt;The&gt;&gt; Santa Casa di Loreto</subfield><subfield code="b">problems in cinquecento sculpture</subfield><subfield code="c">Kathleen Weil-Garris</subfield></datafield><datafield ind1=" " ind2="1" tag="264"><subfield code="a">New York</subfield><subfield code="a">London</subfield><subfield code="b">Garland</subfield><subfield code="c">1977</subfield></datafield><datafield ind1=" " ind2=" " tag="300"><subfield code="a">2 vol.</subfield><subfield code="b">pl.</subfield><subfield code="c">21 cm</subfield></datafield><datafield ind1=" " ind2=" " tag="336"><subfield code="b">txt</subfield><subfield code="2">rdacontent</subfield></datafield><datafield ind1=" " ind2=" " tag="337"><subfield code="b">n</subfield><subfield code="2">rdamedia</subfield></datafield><datafield ind1=" " ind2=" " tag="338"><subfield code="b">nc</subfield><subfield code="2">rdacarrier</subfield></datafield><datafield ind1="1" ind2=" " tag="490"><subfield code="a">Outstanding dissertations in the fine arts</subfield></datafield><datafield ind1=" " ind2=" " tag="502"><subfield code="a">Diss. Philo. Cambridge Mass. Harvard University, 1965</subfield></datafield><datafield ind1=" " ind2=" " tag="504"><subfield code="a">Bibliogr.: p. 439-446</subfield></datafield><datafield ind1=" " ind2=" " tag="504"><subfield code="a">Literaturverz.</subfield></datafield><datafield ind1="2" ind2="0" tag="610"><subfield code="a">Santa Casa (Loreto, Italy)</subfield></datafield><datafield ind1=" " ind2="7" tag="650"><subfield code="a">Sculpture</subfield><subfield code="0">(IDREF)027248399</subfield><subfield code="2">idref</subfield></datafield><datafield ind1=" " ind2="7" tag="650"><subfield code="a">Archives</subfield><subfield code="0">(IDREF)027366022</subfield><subfield code="2">idref</subfield></datafield><datafield ind1=" " ind2="7" tag="650"><subfield code="a">Renaissance</subfield><subfield code="0">(IDREF)028017641</subfield><subfield code="2">idref</subfield></datafield><datafield ind1=" " ind2="0" tag="650"><subfield code="a">Mannerism (Art)</subfield><subfield code="z">Italy</subfield><subfield code="z">Loreto</subfield></datafield><datafield ind1=" " ind2="0" tag="650"><subfield code="a">Relief (Sculpture)</subfield><subfield code="z">Italy</subfield><subfield code="z">Loreto</subfield></datafield><datafield ind1=" " ind2="0" tag="650"><subfield code="a">Sculpture, Italian</subfield><subfield code="z">Italy</subfield><subfield code="z">Florence</subfield></datafield><datafield ind1=" " ind2="0" tag="650"><subfield code="a">Sculpture, Renaissance</subfield><subfield code="z">Italy</subfield><subfield code="z">Loreto</subfield></datafield><datafield ind1=" " ind2="7" tag="650"><subfield code="a">ARCHITEKTONISCHE DETAILS UND ORNAMENTE</subfield><subfield code="9">ger</subfield><subfield code="0">(ETHUDK)000035518</subfield><subfield code="2">ethudk</subfield></datafield><datafield ind1=" " ind2="7" tag="650"><subfield code="a">BILDHAUEREI (KUNST)</subfield><subfield code="9">ger</subfield><subfield code="0">(ETHUDK)000035746</subfield><subfield code="2">ethudk</subfield></datafield><datafield ind1=" " ind2="7" tag="650"><subfield code="a">HOCHRENAISSANCE-KUNST</subfield><subfield code="9">ger</subfield><subfield code="0">(ETHUDK)000037136</subfield><subfield code="2">ethudk</subfield></datafield><datafield ind1=" " ind2="7" tag="651"><subfield code="a">Lorette (Italie) - Santuario della Santa Casa</subfield><subfield code="0">(RERO)A010110256</subfield><subfield code="2">rero</subfield></datafield><datafield ind1=" " ind2="7" tag="655"><subfield code="a">Hochschulschrift</subfield><subfield code="2">gnd-content</subfield></datafield><datafield ind1=" " ind2=" " tag="690"><subfield code="a">Loreto (Italien)</subfield><subfield code="2">uzb-Z9</subfield></datafield><datafield ind1=" " ind2=" " tag="690"><subfield code="a">Loreto. Basilika</subfield><subfield code="2">uzb-US</subfield></datafield><datafield ind1=" " ind2=" " tag="690"><subfield code="a">Italien. Plastik. Manierismus</subfield><subfield code="2">uzb-US</subfield></datafield><datafield ind1=" " ind2=" " tag="830"><subfield code="a">Outstanding dissertations in the fine arts</subfield><subfield code="w">(RERO)0084414-41slsp</subfield></datafield><datafield ind1=" " ind2=" " tag="900"><subfield code="a">REROnoselfmerge</subfield></datafield><datafield ind1=" " ind2=" " tag="900"><subfield code="f">IDSU2medea</subfield></datafield><datafield ind1=" " ind2=" " tag="993"><subfield code="a">BFLA 98656</subfield><subfield code="x">ge/ulha/d/96</subfield><subfield code="9">LOCAL</subfield></datafield></record>
</metadata></record>