<record><header><identifier>oai:alma.41SLSP_UGE:991000095849705502</identifier><datestamp>2023-03-01T01:10:27Z</datestamp><setSpec>uge_cmu_RapidILL_JOURNAL</setSpec><setSpec>uge_aobs_RapidILL_JOURNAL</setSpec><setSpec>uge_aaca_RapidILL_JOURNAL</setSpec><setSpec>uge_bcen_RapidILL_JOURNAL</setSpec><setSpec>uge_abbat_RapidILL_JOURNAL</setSpec><setSpec>uge_mail_RapidILL_JOURNAL</setSpec><setSpec>uge_dbu_RapidILL_JOURNAL</setSpec><setSpec>UNIGE_ALL</setSpec><setSpec>uge_abels_RapidILL_JOURNAL</setSpec><setSpec>uge_acar_RapidILL_JOURNAL</setSpec></header><metadata>
<record xmlns="http://www.loc.gov/MARC21/slim" xmlns:xsi="http://www.w3.org/2001/XMLSchema-instance" xsi:schemaLocation="http://www.loc.gov/MARC21/slim http://www.loc.gov/standards/marcxml/schema/MARC21slim.xsd"><leader>01139nas a2200301 c 4500</leader><controlfield tag="001">991000095849705502</controlfield><controlfield tag="005">20201125202936.0</controlfield><controlfield tag="008">040302d19751993xx || p|  ||| 0    0eng d</controlfield><datafield ind1=" " ind2=" " tag="022"><subfield code="a">0360-2133</subfield></datafield><datafield ind1=" " ind2=" " tag="035"><subfield code="a">(swissbib)100303072-41slsp_network</subfield></datafield><datafield ind1=" " ind2=" " tag="035"><subfield code="a">100303072</subfield><subfield code="9">ExL</subfield></datafield><datafield ind1=" " ind2=" " tag="035"><subfield code="a">(RERO)R003594899-41slsp</subfield></datafield><datafield ind1=" " ind2=" " tag="035"><subfield code="a">(EXLNZ-41SLSP_NETWORK)991150049419705501</subfield></datafield><datafield ind1=" " ind2=" " tag="040"><subfield code="a">RERO geussp</subfield><subfield code="d">CH-ZuSLS</subfield></datafield><datafield ind1=" " ind2="7" tag="072"><subfield code="a">py</subfield><subfield code="2">rero</subfield></datafield><datafield ind1="1" ind2="0" tag="210"><subfield code="a">Metall. Trans. A</subfield></datafield><datafield ind1="0" ind2="0" tag="245"><subfield code="a">Metallurgical transactions</subfield><subfield code="n">A</subfield><subfield code="p">Physical metallurgy and materials science</subfield></datafield><datafield ind1=" " ind2="1" tag="264"><subfield code="a">New York ; Warrendale PA</subfield><subfield code="b">TMS</subfield><subfield code="b">ASM International</subfield></datafield><datafield ind1=" " ind2=" " tag="300"><subfield code="c">29 cm</subfield></datafield><datafield ind1=" " ind2=" " tag="310"><subfield code="a">Mensuel</subfield></datafield><datafield ind1=" " ind2=" " tag="336"><subfield code="b">txt</subfield><subfield code="2">rdacontent</subfield></datafield><datafield ind1=" " ind2=" " tag="337"><subfield code="b">n</subfield><subfield code="2">rdamedia</subfield></datafield><datafield ind1=" " ind2=" " tag="338"><subfield code="b">nc</subfield><subfield code="2">rdacarrier</subfield></datafield><datafield ind1="0" ind2=" " tag="362"><subfield code="a">6(1975)-24(1993)</subfield></datafield><datafield ind1=" " ind2=" " tag="580"><subfield code="a">Fait suite à: Metallurgical transactions = ISSN 0026-086X</subfield></datafield><datafield ind1=" " ind2=" " tag="580"><subfield code="a">Devient: Metallurgical and materials transactions. A, Physical metallurgy and materials science = ISSN 1073-5623</subfield></datafield><datafield ind1="0" ind2="0" tag="780"><subfield code="t">Metallurgical transactions</subfield><subfield code="w">(RERO)R003594870-41slsp</subfield></datafield><datafield ind1="0" ind2="0" tag="785"><subfield code="t">Metallurgical and materials transactions. A, Physical metallurgy and materials science</subfield><subfield code="w">(RERO)R003594757-41slsp</subfield></datafield><datafield ind1=" " ind2=" " tag="900"><subfield code="a">REROnoselfmerge</subfield></datafield></record>
</metadata></record>