<record><header><identifier>oai:alma.41SLSP_UGE:991000096259705502</identifier><datestamp>2023-07-01T00:24:31Z</datestamp><setSpec>uge_bcen_RapidILL_BOOK</setSpec><setSpec>uge_aaca_RapidILL_BOOK</setSpec><setSpec>uge_abels_RapidILL_BOOK</setSpec><setSpec>uge_dbu_RapidILL_BOOK</setSpec><setSpec>uge_cmu_RapidILL_BOOK</setSpec><setSpec>uge_mail_RapidILL_BOOK</setSpec><setSpec>uge_abbat_RapidILL_BOOK</setSpec><setSpec>UNIGE_ALL</setSpec><setSpec>uge_acar_RapidILL_BOOK</setSpec><setSpec>uge_aobs_RapidILL_BOOK</setSpec></header><metadata>
<record xmlns="http://www.loc.gov/MARC21/slim" xmlns:xsi="http://www.w3.org/2001/XMLSchema-instance" xsi:schemaLocation="http://www.loc.gov/MARC21/slim http://www.loc.gov/standards/marcxml/schema/MARC21slim.xsd"><leader>01719nam a2200445 c 4500</leader><controlfield tag="001">991000096259705502</controlfield><controlfield tag="005">20230630124344.0</controlfield><controlfield tag="008">201011s2001    sp ||||| |||| 00| ||spa d</controlfield><datafield ind1=" " ind2=" " tag="020"><subfield code="a">8475224253</subfield></datafield><datafield ind1=" " ind2=" " tag="035"><subfield code="a">(swissbib)221029788-41slsp_network</subfield></datafield><datafield ind1=" " ind2=" " tag="035"><subfield code="a">221029788</subfield><subfield code="9">ExL</subfield></datafield><datafield ind1=" " ind2=" " tag="035"><subfield code="a">(RERO)R003609453-41slsp</subfield></datafield><datafield ind1=" " ind2=" " tag="035"><subfield code="a">(IDSBB)004149474DSV01</subfield></datafield><datafield ind1=" " ind2=" " tag="035"><subfield code="a">(IDSSG)000320662HSB01</subfield></datafield><datafield ind1=" " ind2=" " tag="035"><subfield code="a">R003609453</subfield></datafield><datafield ind1=" " ind2=" " tag="035"><subfield code="a">(EXLNZ-41SLSP_NETWORK)991084934749705501</subfield></datafield><datafield ind1=" " ind2=" " tag="040"><subfield code="a">RERO geules</subfield><subfield code="d">CH-ZuSLS</subfield></datafield><datafield ind1=" " ind2="7" tag="072"><subfield code="a">es</subfield><subfield code="2">rero</subfield></datafield><datafield ind1="1" ind2=" " tag="080"><subfield code="a">860&quot;19&quot;ALO3</subfield></datafield><datafield ind1=" " ind2=" " tag="084"><subfield code="a">IP 3217</subfield><subfield code="2">rvk</subfield></datafield><datafield ind1="1" ind2=" " tag="100"><subfield code="a">Alonso, Dámaso</subfield><subfield code="d">1898-1990</subfield><subfield code="0">(DE-588)11864484X</subfield><subfield code="6">880-01</subfield></datafield><datafield ind1="1" ind2=" " tag="880"><subfield code="6">100-01</subfield><subfield code="a">Alonso, Dámaso</subfield><subfield code="d">1898-1990</subfield><subfield code="0">(IDREF)05032859X</subfield><subfield code="4">cre</subfield></datafield><datafield ind1="1" ind2="0" tag="245"><subfield code="a">Antología personal</subfield><subfield code="c">Dámaso Alonso</subfield></datafield><datafield ind1=" " ind2="1" tag="264"><subfield code="a">Madrid</subfield><subfield code="b">Visor</subfield><subfield code="c">2001</subfield></datafield><datafield ind1=" " ind2=" " tag="300"><subfield code="a">47 p.</subfield><subfield code="c">20 cm</subfield><subfield code="e">1 disque compact</subfield></datafield><datafield ind1=" " ind2=" " tag="336"><subfield code="b">txt</subfield><subfield code="2">rdacontent</subfield></datafield><datafield ind1=" " ind2=" " tag="337"><subfield code="b">s</subfield><subfield code="2">rdamedia</subfield></datafield><datafield ind1=" " ind2=" " tag="337"><subfield code="b">n</subfield><subfield code="2">rdamedia</subfield></datafield><datafield ind1=" " ind2=" " tag="338"><subfield code="b">sd</subfield><subfield code="2">rdacarrier</subfield></datafield><datafield ind1=" " ind2=" " tag="338"><subfield code="b">nc</subfield><subfield code="2">rdacarrier</subfield></datafield><datafield ind1="1" ind2=" " tag="490"><subfield code="a">Colección Visor de poesía</subfield><subfield code="v">vol. 425</subfield></datafield><datafield ind1=" " ind2=" " tag="500"><subfield code="a">CD: Poemas de Dámaso Alonso leídos por el mismo</subfield></datafield><datafield ind1=" " ind2="7" tag="655"><subfield code="a">CD</subfield><subfield code="2">gnd-carrier</subfield></datafield><datafield ind1=" " ind2="7" tag="655"><subfield code="a">Tonträger</subfield><subfield code="2">gnd</subfield></datafield><datafield ind1=" " ind2=" " tag="690"><subfield code="a">Gedicht; Farewell; Traum; Mädchen; Mütter; Schönheit; Zorn; Bein; Akronym; Arbeitskräfte; Buch; Dichter; Display; Gebet; Insekt; Invasion; Schmerz; Stadt; Stern</subfield><subfield code="2">idssg-J</subfield></datafield><datafield ind1=" " ind2=" " tag="690"><subfield code="a">Hinterbein</subfield><subfield code="2">idssg-J</subfield></datafield><datafield ind1=" " ind2=" " tag="690"><subfield code="a">anderes Gedicht; persönlich Anthology</subfield><subfield code="2">idssg-J</subfield></datafield><datafield ind1=" " ind2=" " tag="690"><subfield code="a">Anthology ALONSO DÁMASO PERSONAL; Dark Nachrichten Traum; Rafael Melero</subfield><subfield code="2">idssg-J</subfield></datafield><datafield ind1="4" ind2=" " tag="856"><subfield code="u">https://tools.unisg.ch/url/hm00134506</subfield><subfield code="z">Inhaltsverzeichnis</subfield></datafield><datafield ind1=" " ind2="0" tag="830"><subfield code="a">Colección Visor de poesía</subfield><subfield code="v">425</subfield><subfield code="w">(IDSBB)000645764DSV01</subfield></datafield><datafield ind1=" " ind2=" " tag="949"><subfield code="a">https://tools.unisg.ch/url/hm00134506</subfield></datafield><datafield ind1=" " ind2=" " tag="993"><subfield code="a">BFLA 167398</subfield><subfield code="x">ge/ules/a/02/202</subfield><subfield code="9">LOCAL</subfield></datafield></record>
</metadata></record>