<record><header><identifier>oai:alma.41SLSP_UGE:991000096469705502</identifier><datestamp>2023-03-27T00:16:33Z</datestamp><setSpec>uge_bcen_RapidILL_BOOK</setSpec><setSpec>uge_aaca_RapidILL_BOOK</setSpec><setSpec>uge_abels_RapidILL_BOOK</setSpec><setSpec>uge_dbu_RapidILL_BOOK</setSpec><setSpec>uge_cmu_RapidILL_BOOK</setSpec><setSpec>uge_mail_RapidILL_BOOK</setSpec><setSpec>uge_abbat_RapidILL_BOOK</setSpec><setSpec>UNIGE_ALL</setSpec><setSpec>uge_acar_RapidILL_BOOK</setSpec><setSpec>uge_aobs_RapidILL_BOOK</setSpec></header><metadata>
<record xmlns="http://www.loc.gov/MARC21/slim" xmlns:xsi="http://www.w3.org/2001/XMLSchema-instance" xsi:schemaLocation="http://www.loc.gov/MARC21/slim http://www.loc.gov/standards/marcxml/schema/MARC21slim.xsd"><leader>02199nam a2200517 c 4500</leader><controlfield tag="001">991000096469705502</controlfield><controlfield tag="005">20230326200506.0</controlfield><controlfield tag="008">201012s1987    xxk||||| |||| 10| ||eng d</controlfield><datafield ind1=" " ind2=" " tag="019"><subfield code="a">Vornamensintialen im Dokument nicht aufgelöst.</subfield></datafield><datafield ind1=" " ind2=" " tag="020"><subfield code="a">0850663733</subfield></datafield><datafield ind1=" " ind2=" " tag="035"><subfield code="a">(swissbib)23951176X-41slsp_network</subfield></datafield><datafield ind1=" " ind2=" " tag="035"><subfield code="a">23951176X</subfield><subfield code="9">ExL</subfield></datafield><datafield ind1=" " ind2=" " tag="035"><subfield code="a">(RERO)R008440557-41slsp</subfield></datafield><datafield ind1=" " ind2=" " tag="035"><subfield code="a">(NEBIS)000515349EBI01</subfield></datafield><datafield ind1=" " ind2=" " tag="035"><subfield code="a">(EXLNZ-41SLSP_NETWORK)991158880229705501</subfield></datafield><datafield ind1=" " ind2=" " tag="040"><subfield code="a">DNLM/DLC</subfield><subfield code="d">CH-ZuSLS</subfield></datafield><datafield ind1=" " ind2="0" tag="050"><subfield code="a">RM301.55</subfield><subfield code="b">.D765 1987</subfield></datafield><datafield ind1=" " ind2="7" tag="072"><subfield code="a">pa</subfield><subfield code="2">rero</subfield></datafield><datafield ind1="0" ind2="0" tag="082"><subfield code="a">615/.7</subfield><subfield code="2">19</subfield></datafield><datafield ind1="0" ind2="0" tag="245"><subfield code="a">Drug metabolism from molecules to man</subfield><subfield code="c">ed. by D.J. Benford, J.W. Bridges and G.G. Gibson</subfield></datafield><datafield ind1="1" ind2=" " tag="246"><subfield code="a">Drug metabolism - form molecules to man</subfield></datafield><datafield ind1=" " ind2="1" tag="264"><subfield code="a">London</subfield><subfield code="a">New York</subfield><subfield code="b">Taylor &amp; Francis</subfield><subfield code="c">1987</subfield></datafield><datafield ind1=" " ind2=" " tag="300"><subfield code="a">XVI, 787 p.</subfield><subfield code="b">ill.</subfield><subfield code="c">24 cm</subfield></datafield><datafield ind1=" " ind2=" " tag="336"><subfield code="b">txt</subfield><subfield code="2">rdacontent</subfield></datafield><datafield ind1=" " ind2=" " tag="337"><subfield code="b">n</subfield><subfield code="2">rdamedia</subfield></datafield><datafield ind1=" " ind2=" " tag="338"><subfield code="b">nc</subfield><subfield code="2">rdacarrier</subfield></datafield><datafield ind1=" " ind2=" " tag="500"><subfield code="a">Papers from the Tenth European Drug Metabolism Workshop held in Guildford, England, in 1986</subfield></datafield><datafield ind1=" " ind2=" " tag="500"><subfield code="a">Titelvariante: Drug metabolism - form molecules to man</subfield></datafield><datafield ind1=" " ind2=" " tag="504"><subfield code="a">Includes bibliographies and index</subfield></datafield><datafield ind1=" " ind2="0" tag="650"><subfield code="a">Drugs</subfield><subfield code="x">metabolism</subfield></datafield><datafield ind1=" " ind2="0" tag="650"><subfield code="a">Pharmacokinetics</subfield></datafield><datafield ind1=" " ind2="2" tag="650"><subfield code="a">Drugs</subfield><subfield code="x">metabolism</subfield></datafield><datafield ind1=" " ind2="2" tag="650"><subfield code="a">Molecular Biology</subfield></datafield><datafield ind1=" " ind2="7" tag="650"><subfield code="a">Médicaments</subfield><subfield code="0">(IDREF)027239144</subfield><subfield code="2">idref</subfield></datafield><datafield ind1=" " ind2="7" tag="650"><subfield code="a">Métabolisme</subfield><subfield code="0">(IDREF)027314863</subfield><subfield code="2">idref</subfield></datafield><datafield ind1=" " ind2="7" tag="650"><subfield code="a">Biologie moléculaire</subfield><subfield code="0">(IDREF)027221369</subfield><subfield code="2">idref</subfield></datafield><datafield ind1=" " ind2="7" tag="650"><subfield code="a">ARZNEIMITTELMETABOLISMUS UND BIOTRANSFORMATION (PHARMAKOLOGIE)</subfield><subfield code="9">ger</subfield><subfield code="0">(ETHUDK)000026631</subfield><subfield code="2">ethudk</subfield></datafield><datafield ind1=" " ind2="7" tag="650"><subfield code="a">ENZYMREAKTION + ENZYMATISCHER REAKTIONSMECHANISMUS + ENZYMATISCHE KATALYSE (BIOCHEMIE)</subfield><subfield code="9">ger</subfield><subfield code="0">(ETHUDK)000022035</subfield><subfield code="2">ethudk</subfield></datafield><datafield ind1=" " ind2="7" tag="650"><subfield code="a">MENSCHLICHE ANATOMIE + MENSCHLICHE PHYSIOLOGIE (BIOLOGISCHE ANTHROPOLOGIE)</subfield><subfield code="9">ger</subfield><subfield code="0">(ETHUDK)000040983</subfield><subfield code="2">ethudk</subfield></datafield><datafield ind1=" " ind2="7" tag="655"><subfield code="a">Actes de congrès</subfield><subfield code="0">(IDREF)02886431X</subfield><subfield code="2">idref</subfield></datafield><datafield ind1="1" ind2=" " tag="700"><subfield code="a">Benford, D.J.</subfield></datafield><datafield ind1="1" ind2=" " tag="700"><subfield code="a">Benford, Diane J.</subfield><subfield code="0">(IDREF)164557091</subfield></datafield><datafield ind1="1" ind2=" " tag="700"><subfield code="a">Bridges, James Wilfred</subfield><subfield code="0">(IDREF)061743348</subfield></datafield><datafield ind1="1" ind2=" " tag="700"><subfield code="a">Gibson, G. Gordon</subfield><subfield code="d">1949-....</subfield><subfield code="0">(IDREF)03487013X</subfield></datafield><datafield ind1="2" ind2=" " tag="711"><subfield code="a">European drug metabolism workshop</subfield><subfield code="n">10</subfield><subfield code="d">1986</subfield><subfield code="c">Guildford</subfield><subfield code="0">(IDREF)11379729X</subfield></datafield><datafield ind1=" " ind2=" " tag="900"><subfield code="a">REROnoselfmerge</subfield></datafield><datafield ind1=" " ind2=" " tag="910"><subfield code="a">LOC</subfield><subfield code="b">20160603</subfield><subfield code="c">Droits réservés</subfield></datafield></record>
</metadata></record>