<record><header><identifier>oai:alma.41SLSP_UGE:991000106169705502</identifier><datestamp>2023-03-01T01:10:27Z</datestamp><setSpec>uge_bcen_RapidILL_BOOK</setSpec><setSpec>uge_aaca_RapidILL_BOOK</setSpec><setSpec>uge_abels_RapidILL_BOOK</setSpec><setSpec>uge_dbu_RapidILL_BOOK</setSpec><setSpec>uge_cmu_RapidILL_BOOK</setSpec><setSpec>uge_mail_RapidILL_BOOK</setSpec><setSpec>UNIGE_ALL</setSpec><setSpec>uge_abbat_RapidILL_BOOK</setSpec><setSpec>uge_aobs_RapidILL_BOOK</setSpec><setSpec>uge_acar_RapidILL_BOOK</setSpec></header><metadata>
<record xmlns="http://www.loc.gov/MARC21/slim" xmlns:xsi="http://www.w3.org/2001/XMLSchema-instance" xsi:schemaLocation="http://www.loc.gov/MARC21/slim http://www.loc.gov/standards/marcxml/schema/MARC21slim.xsd"><leader>01801nam a2200301 c 4500</leader><controlfield tag="001">991000106169705502</controlfield><controlfield tag="005">20211105161827.0</controlfield><controlfield tag="008">971111r19971542ne |||||b|||| 00| ||lat d</controlfield><datafield ind1=" " ind2=" " tag="035"><subfield code="a">(swissbib)092651542-41slsp_network</subfield></datafield><datafield ind1=" " ind2=" " tag="035"><subfield code="a">092651542</subfield><subfield code="9">ExL</subfield></datafield><datafield ind1=" " ind2=" " tag="035"><subfield code="a">(RERO)R221354160-41slsp</subfield></datafield><datafield ind1=" " ind2=" " tag="035"><subfield code="a">(EXLNZ-41SLSP_NETWORK)991015706679705501</subfield></datafield><datafield ind1=" " ind2=" " tag="040"><subfield code="a">RERO geuchr</subfield><subfield code="d">CH-ZuSLS</subfield></datafield><datafield ind1=" " ind2="7" tag="072"><subfield code="a">th</subfield><subfield code="2">rero</subfield></datafield><datafield ind1=" " ind2=" " tag="084"><subfield code="a">157.F</subfield><subfield code="2">brp</subfield></datafield><datafield ind1="1" ind2=" " tag="100"><subfield code="a">Calvin, Jean</subfield><subfield code="d">1509-1564</subfield><subfield code="0">(IDREF)026763362</subfield><subfield code="4">cre</subfield></datafield><datafield ind1="1" ind2="0" tag="245"><subfield code="a">&lt;&lt;La&gt;&gt; manyère de faire prières aux églises françoyses, tant devant la prédication comme après</subfield><subfield code="b">ensemble pseaulmes et canticques françoys qu'on chante aus dictes églises : après s'ensuyt l'ordre et la façon d'administrer les sacrementz de baptesme, et de la saincte Cène de nostre seigneur Jesu Christ, de espouser et confirmer le mariage devant l'assemblée des fidèles, avecques le sermon tant du baptesme que de la cène : le tout selon la parolle de nostre seigneur</subfield></datafield><datafield ind1=" " ind2="1" tag="264"><subfield code="a">Leiden</subfield><subfield code="b">IDC</subfield><subfield code="c">1997</subfield></datafield><datafield ind1=" " ind2=" " tag="300"><subfield code="a">2 microfiches</subfield><subfield code="c">A6</subfield></datafield><datafield ind1="1" ind2=" " tag="490"><subfield code="a">The works of John Calvin [Microforme]</subfield><subfield code="v">CL-4</subfield></datafield><datafield ind1=" " ind2=" " tag="500"><subfield code="a">Microreproduction du seul ex. connu: Ge MHR A,27,1(42)</subfield></datafield><datafield ind1="3" ind2=" " tag="510"><subfield code="a">F. Higman (Piety and the people) C 65</subfield></datafield><datafield ind1=" " ind2=" " tag="534"><subfield code="p">Reprod. sur microfiches de l'éd. de :</subfield><subfield code="c">[S.l.] : [s.n.] 1542 (Imprimé à Rome par le commandement du Pape : par Théodore Brüss, son imprimeur ordinaire) [i.e.] Strasbourg : Johann Knobloch Jr.</subfield></datafield><datafield ind1="1" ind2=" " tag="700"><subfield code="a">Knobloch, Johann</subfield><subfield code="c">imprimeur</subfield><subfield code="d">150.?-15..</subfield><subfield code="0">(IDREF)120384051</subfield><subfield code="4">prt</subfield></datafield><datafield ind1="1" ind2="2" tag="700"><subfield code="a">Calvin, Jean</subfield><subfield code="d">1509-1564</subfield><subfield code="t">&lt;&lt;La&gt;&gt; forme des prières ecclésiastiques</subfield></datafield><datafield ind1="0" ind2=" " tag="730"><subfield code="a">Bible</subfield><subfield code="n">035</subfield><subfield code="p">A.T</subfield><subfield code="p">Psaumes</subfield><subfield code="k">Adaptation liturgique</subfield><subfield code="l">Français</subfield></datafield><datafield ind1=" " ind2=" " tag="751"><subfield code="a">Strasbourg (Bas-Rhin)</subfield><subfield code="4">pup</subfield><subfield code="0">(IDREF)027249530</subfield></datafield><datafield ind1="1" ind2=" " tag="800"><subfield code="a">Calvin, Jean</subfield><subfield code="d">1509-1564</subfield><subfield code="t">&lt;&lt;The&gt;&gt; works of John Calvin</subfield><subfield code="v">CL-4</subfield><subfield code="w">(RERO)R219236960-41slsp</subfield></datafield><datafield ind1=" " ind2=" " tag="900"><subfield code="a">REROnoselfmerge</subfield></datafield></record>
</metadata></record>