<record><header><identifier>oai:alma.41SLSP_UGE:991000106479705502</identifier><datestamp>2023-06-20T00:24:31Z</datestamp><setSpec>uge_bcen_RapidILL_BOOK</setSpec><setSpec>uge_aaca_RapidILL_BOOK</setSpec><setSpec>uge_abels_RapidILL_BOOK</setSpec><setSpec>uge_dbu_RapidILL_BOOK</setSpec><setSpec>uge_cmu_RapidILL_BOOK</setSpec><setSpec>uge_mail_RapidILL_BOOK</setSpec><setSpec>uge_abbat_RapidILL_BOOK</setSpec><setSpec>UNIGE_ALL</setSpec><setSpec>uge_acar_RapidILL_BOOK</setSpec><setSpec>uge_aobs_RapidILL_BOOK</setSpec></header><metadata>
<record xmlns="http://www.loc.gov/MARC21/slim" xmlns:xsi="http://www.w3.org/2001/XMLSchema-instance" xsi:schemaLocation="http://www.loc.gov/MARC21/slim http://www.loc.gov/standards/marcxml/schema/MARC21slim.xsd"><leader>03067nam a2200769 c 4500</leader><controlfield tag="001">991000106479705502</controlfield><controlfield tag="005">20230619194551.0</controlfield><controlfield tag="008">201012s2012    xxk||||| |||| 00| ||eng d</controlfield><datafield ind1=" " ind2=" " tag="010"><subfield code="a">2011048522</subfield></datafield><datafield ind1=" " ind2=" " tag="020"><subfield code="a">3034307659</subfield><subfield code="q">alk. paper</subfield></datafield><datafield ind1=" " ind2=" " tag="020"><subfield code="a">9783034307659</subfield><subfield code="q">alk. paper</subfield></datafield><datafield ind1="7" ind2=" " tag="024"><subfield code="a">http://catalogue.bnf.fr/ark:/12148/cb43810996t</subfield><subfield code="2">uri</subfield></datafield><datafield ind1=" " ind2=" " tag="035"><subfield code="a">(swissbib)238474887-41slsp_network</subfield></datafield><datafield ind1=" " ind2=" " tag="035"><subfield code="a">238474887</subfield><subfield code="9">ExL</subfield></datafield><datafield ind1=" " ind2=" " tag="035"><subfield code="a">(RERO)R007151279-41slsp</subfield></datafield><datafield ind1=" " ind2=" " tag="035"><subfield code="a">(NEBIS)006898469EBI01</subfield></datafield><datafield ind1=" " ind2=" " tag="035"><subfield code="a">(IDSBB)006001186DSV01</subfield></datafield><datafield ind1=" " ind2=" " tag="035"><subfield code="a">(OCoLC)769289532</subfield></datafield><datafield ind1=" " ind2=" " tag="035"><subfield code="a">(Sz)vtls001671259</subfield></datafield><datafield ind1=" " ind2=" " tag="035"><subfield code="a">(EXLNZ-41SLSP_NETWORK)991013022129705501</subfield></datafield><datafield ind1=" " ind2=" " tag="040"><subfield code="a">DLC</subfield><subfield code="d">CH-ZuSLS</subfield></datafield><datafield ind1=" " ind2=" " tag="044"><subfield code="a">sz</subfield><subfield code="a">xxk</subfield></datafield><datafield ind1=" " ind2="0" tag="050"><subfield code="a">PR1939</subfield><subfield code="b">.M67 2012</subfield></datafield><datafield ind1=" " ind2="7" tag="072"><subfield code="a">an</subfield><subfield code="2">rero</subfield></datafield><datafield ind1=" " ind2="7" tag="072"><subfield code="a">an</subfield><subfield code="2">SzZuIDS BS/BE</subfield></datafield><datafield ind1="0" ind2="0" tag="082"><subfield code="a">821/.1</subfield><subfield code="2">23</subfield></datafield><datafield ind1="0" ind2="4" tag="082"><subfield code="a">820</subfield></datafield><datafield ind1=" " ind2=" " tag="084"><subfield code="a">HH 5080</subfield><subfield code="2">rvk</subfield></datafield><datafield ind1=" " ind2=" " tag="084"><subfield code="a">HH 5082</subfield><subfield code="2">rvk</subfield></datafield><datafield ind1=" " ind2=" " tag="084"><subfield code="a">HH 5085</subfield><subfield code="2">rvk</subfield></datafield><datafield ind1="0" ind2="0" tag="245"><subfield code="a">Chaucer in context</subfield><subfield code="b">a golden age of English poetry</subfield><subfield code="c">edited by Gerald Morgan</subfield></datafield><datafield ind1=" " ind2="1" tag="264"><subfield code="a">Oxford</subfield><subfield code="a">New York</subfield><subfield code="b">Peter Lang</subfield><subfield code="c">2012</subfield></datafield><datafield ind1=" " ind2=" " tag="300"><subfield code="a">xi, 307 p.</subfield><subfield code="c">23 cm.</subfield></datafield><datafield ind1=" " ind2=" " tag="336"><subfield code="b">txt</subfield><subfield code="2">rdacontent</subfield></datafield><datafield ind1=" " ind2=" " tag="337"><subfield code="b">n</subfield><subfield code="2">rdamedia</subfield></datafield><datafield ind1=" " ind2=" " tag="338"><subfield code="b">nc</subfield><subfield code="2">rdacarrier</subfield></datafield><datafield ind1=" " ind2=" " tag="504"><subfield code="a">Includes bibliographical references and index.</subfield></datafield><datafield ind1=" " ind2=" " tag="504"><subfield code="a">Literaturverz.</subfield></datafield><datafield ind1="1" ind2="0" tag="600"><subfield code="a">Chaucer, Geoffrey</subfield><subfield code="d">d. 1400</subfield><subfield code="x">Criticism, Textual</subfield></datafield><datafield ind1="1" ind2="7" tag="600"><subfield code="a">Chaucer, Geoffrey</subfield><subfield code="d">1340?-1400</subfield><subfield code="0">(IDREF)026782510</subfield><subfield code="2">idref</subfield></datafield><datafield ind1="1" ind2="7" tag="600"><subfield code="a">Chaucer, Geoffrey</subfield><subfield code="2">idszbz</subfield></datafield><datafield ind1="1" ind2="7" tag="600"><subfield code="a">Chaucer, Geoffrey</subfield><subfield code="d">1343?-1400</subfield><subfield code="x">Criticism and interpretation</subfield><subfield code="2">idszbzes</subfield></datafield><datafield ind1="1" ind2="7" tag="600"><subfield code="a">Chaucer, Geoffrey</subfield><subfield code="d">1343?-1400</subfield><subfield code="x">Poetics</subfield><subfield code="2">idszbzes</subfield></datafield><datafield ind1="1" ind2="0" tag="600"><subfield code="a">Chaucer, Geoffrey</subfield><subfield code="d">-1400</subfield><subfield code="x">Criticism, Textual</subfield></datafield><datafield ind1="1" ind2="7" tag="600"><subfield code="a">Chaucer, Geoffrey</subfield><subfield code="d">1343-1400</subfield><subfield code="0">(DE-588)118520245</subfield><subfield code="2">gnd</subfield></datafield><datafield ind1=" " ind2="7" tag="648"><subfield code="a">Geschichte 1360-1400</subfield><subfield code="2">gnd</subfield></datafield><datafield ind1=" " ind2="7" tag="648"><subfield code="a">Geschichte 1360-1440</subfield><subfield code="2">gnd</subfield></datafield><datafield ind1=" " ind2="0" tag="650"><subfield code="a">English poetry</subfield><subfield code="y">Middle English, 1100-1500</subfield><subfield code="x">History and criticism</subfield></datafield><datafield ind1=" " ind2="0" tag="650"><subfield code="a">Literature and society</subfield><subfield code="z">England</subfield><subfield code="x">History</subfield><subfield code="y">To 1500</subfield></datafield><datafield ind1=" " ind2="0" tag="650"><subfield code="a">Literature, Medieval</subfield><subfield code="x">Themes, motives</subfield></datafield><datafield ind1=" " ind2="7" tag="650"><subfield code="a">Littérature anglaise</subfield><subfield code="0">(IDREF)027236722</subfield><subfield code="2">idref</subfield></datafield><datafield ind1=" " ind2="7" tag="650"><subfield code="a">Anglais (langue)</subfield><subfield code="y">1100-1500 (moyen anglais)</subfield><subfield code="0">(IDREF)027269426</subfield><subfield code="2">idref</subfield></datafield><datafield ind1=" " ind2="7" tag="650"><subfield code="a">Poésie</subfield><subfield code="0">(IDREF)027247465</subfield><subfield code="2">idref</subfield></datafield><datafield ind1=" " ind2="7" tag="650"><subfield code="a">Werk</subfield><subfield code="2">idszbz</subfield></datafield><datafield ind1=" " ind2="7" tag="650"><subfield code="a">Literature and society</subfield><subfield code="z">England</subfield><subfield code="y">14th century</subfield><subfield code="2">idszbzes</subfield></datafield><datafield ind1=" " ind2="7" tag="650"><subfield code="a">Literatur</subfield><subfield code="0">(DE-588)4035964-5</subfield><subfield code="2">gnd</subfield></datafield><datafield ind1=" " ind2="7" tag="650"><subfield code="a">Lyrik</subfield><subfield code="0">(DE-588)4036774-5</subfield><subfield code="2">gnd</subfield></datafield><datafield ind1=" " ind2="7" tag="650"><subfield code="a">Mittelenglisch</subfield><subfield code="0">(DE-588)4039676-9</subfield><subfield code="2">gnd</subfield></datafield><datafield ind1=" " ind2="7" tag="650"><subfield code="a">Zeithintergrund</subfield><subfield code="0">(DE-588)4128644-3</subfield><subfield code="2">gnd</subfield></datafield><datafield ind1=" " ind2="7" tag="655"><subfield code="a">Aufsatzsammlung</subfield><subfield code="2">idszbz</subfield></datafield><datafield ind1=" " ind2="7" tag="655"><subfield code="a">Konferenzschrift</subfield><subfield code="2">gnd-content</subfield></datafield><datafield ind1=" " ind2="7" tag="655"><subfield code="a">Konferenzschrift</subfield><subfield code="z">Dublin</subfield><subfield code="y">2010</subfield><subfield code="2">gnd-content</subfield></datafield><datafield ind1="1" ind2=" " tag="700"><subfield code="a">Morgan, Gerald</subfield></datafield><datafield ind1="1" ind2=" " tag="700"><subfield code="a">Morgan, Gerald Raymond</subfield><subfield code="0">(RERO)A003609468</subfield></datafield><datafield ind1="4" ind2=" " tag="856"><subfield code="3">Titelblatt und Inhaltsverzeichnis</subfield><subfield code="u">https://toc.library.ethz.ch/objects/pdf/z01_978-3-0343-0765-9_01.pdf</subfield><subfield code="q">pdf</subfield></datafield><datafield ind1=" " ind2=" " tag="900"><subfield code="a">IDSZ2zbzmon201203f</subfield><subfield code="c">IDSZ2kobe</subfield><subfield code="d">IDSZ2zbzswk201205b</subfield><subfield code="e">IDSZ2stor</subfield></datafield><datafield ind1=" " ind2=" " tag="900"><subfield code="a">IDSZ2esmon201203l</subfield><subfield code="c">IDSZ2lang</subfield><subfield code="d">IDSZ2esswk201203b</subfield><subfield code="e">IDSZ2leud</subfield></datafield><datafield ind1=" " ind2=" " tag="949"><subfield code="a">https://toc.library.ethz.ch/objects/pdf/z01_978-3-0343-0765-9_01.pdf</subfield></datafield></record>
</metadata></record>