<record><header><identifier>oai:alma.41SLSP_UGE:991000106589705502</identifier><datestamp>2023-03-01T01:10:27Z</datestamp><setSpec>uge_bcen_RapidILL_BOOK</setSpec><setSpec>uge_aaca_RapidILL_BOOK</setSpec><setSpec>uge_abels_RapidILL_BOOK</setSpec><setSpec>uge_dbu_RapidILL_BOOK</setSpec><setSpec>uge_cmu_RapidILL_BOOK</setSpec><setSpec>uge_mail_RapidILL_BOOK</setSpec><setSpec>UNIGE_ALL</setSpec><setSpec>uge_abbat_RapidILL_BOOK</setSpec><setSpec>uge_acar_RapidILL_BOOK</setSpec><setSpec>uge_aobs_RapidILL_BOOK</setSpec></header><metadata>
<record xmlns="http://www.loc.gov/MARC21/slim" xmlns:xsi="http://www.w3.org/2001/XMLSchema-instance" xsi:schemaLocation="http://www.loc.gov/MARC21/slim http://www.loc.gov/standards/marcxml/schema/MARC21slim.xsd"><leader>02896nam a2200697uc 4500</leader><controlfield tag="001">991000106589705502</controlfield><controlfield tag="005">20230213204957.0</controlfield><controlfield tag="008">201011s1986    gw            00| | ger d</controlfield><datafield ind1=" " ind2=" " tag="020"><subfield code="a">3765420697</subfield></datafield><datafield ind1=" " ind2=" " tag="035"><subfield code="a">(swissbib)213415437-41slsp_network</subfield></datafield><datafield ind1=" " ind2=" " tag="035"><subfield code="a">213415437</subfield><subfield code="9">ExL</subfield></datafield><datafield ind1=" " ind2=" " tag="035"><subfield code="a">(IDSBB)001206363DSV01</subfield></datafield><datafield ind1=" " ind2=" " tag="035"><subfield code="a">(RERO)2195810-41slsp</subfield></datafield><datafield ind1=" " ind2=" " tag="035"><subfield code="a">(NEBIS)003413614EBI01</subfield></datafield><datafield ind1=" " ind2=" " tag="035"><subfield code="a">(EXLNZ-41SLSP_NETWORK)991092007009705501</subfield></datafield><datafield ind1=" " ind2=" " tag="040"><subfield code="a">SzZuIDS BS/BE A110</subfield><subfield code="b">ger</subfield><subfield code="e">kids</subfield><subfield code="d">CH-ZuSLS</subfield></datafield><datafield ind1=" " ind2="7" tag="072"><subfield code="a">vk</subfield><subfield code="2">SzZuIDS BS/BE</subfield></datafield><datafield ind1=" " ind2="7" tag="072"><subfield code="a">td</subfield><subfield code="2">rero</subfield></datafield><datafield ind1="1" ind2="4" tag="082"><subfield code="a">390</subfield><subfield code="2">15</subfield></datafield><datafield ind1=" " ind2=" " tag="084"><subfield code="a">RK 15029</subfield><subfield code="2">rvk</subfield></datafield><datafield ind1=" " ind2=" " tag="084"><subfield code="a">ZY 5504</subfield><subfield code="2">rvk</subfield></datafield><datafield ind1="0" ind2="0" tag="245"><subfield code="a">Frühe Zeugnisse</subfield><subfield code="b">die Alpenbegeisterung</subfield><subfield code="c">vorgestellt von Helmuth Zebhauser ; Deutscher Alpenverein</subfield></datafield><datafield ind1=" " ind2="1" tag="264"><subfield code="a">München</subfield><subfield code="b">Bruckmann</subfield><subfield code="c">[1986]</subfield></datafield><datafield ind1=" " ind2="4" tag="264"><subfield code="c">© 1986</subfield></datafield><datafield ind1=" " ind2=" " tag="300"><subfield code="a">176 S.</subfield><subfield code="b">Ill.</subfield><subfield code="c">21 cm</subfield></datafield><datafield ind1=" " ind2=" " tag="336"><subfield code="b">txt</subfield><subfield code="2">rdacontent</subfield></datafield><datafield ind1=" " ind2=" " tag="337"><subfield code="b">n</subfield><subfield code="2">rdamedia</subfield></datafield><datafield ind1=" " ind2=" " tag="338"><subfield code="b">nc</subfield><subfield code="2">rdacarrier</subfield></datafield><datafield ind1="1" ind2=" " tag="490"><subfield code="a">Alpine Klassiker</subfield><subfield code="v">Bd. 5</subfield></datafield><datafield ind1=" " ind2=" " tag="500"><subfield code="a">Auf dem Umschlag: Dante Alighieri, Francesco Petrarca, Konrad Witz, Felix Faber, Aegidius Tschudi, Leonardo da Vinci, Konrad Gesner, Theuerdanck, Johannes Stumpff</subfield></datafield><datafield ind1=" " ind2=" " tag="500"><subfield code="a">Betrifft u.a. Werke von: Petrarca, Dante, Konrad Gesner, Johannes Stumpf und Aegidius Tschudi</subfield></datafield><datafield ind1=" " ind2=" " tag="504"><subfield code="a">Bibliogr.: S. 174-176</subfield></datafield><datafield ind1=" " ind2="7" tag="648"><subfield code="a">Geschichte 1300-1550</subfield><subfield code="2">gnd</subfield></datafield><datafield ind1=" " ind2="7" tag="648"><subfield code="a">Geschichte 1300-1600</subfield><subfield code="2">gnd</subfield></datafield><datafield ind1=" " ind2="7" tag="650"><subfield code="a">Littérature</subfield><subfield code="0">(IDREF)027328570</subfield><subfield code="2">idref</subfield></datafield><datafield ind1=" " ind2="7" tag="650"><subfield code="a">Moyen âge</subfield><subfield code="0">(IDREF)027329917</subfield><subfield code="2">idref</subfield></datafield><datafield ind1=" " ind2="7" tag="650"><subfield code="a">Montagnes</subfield><subfield code="0">(IDREF)027237907</subfield><subfield code="2">idref</subfield></datafield><datafield ind1=" " ind2="7" tag="650"><subfield code="a">Bergsteigen</subfield><subfield code="g">Motiv</subfield><subfield code="0">(DE-588)7526833-4</subfield><subfield code="2">gnd</subfield></datafield><datafield ind1=" " ind2="7" tag="650"><subfield code="a">Literatur</subfield><subfield code="0">(DE-588)4035964-5</subfield><subfield code="2">gnd</subfield></datafield><datafield ind1=" " ind2="7" tag="650"><subfield code="a">Malerei</subfield><subfield code="0">(DE-588)4037220-0</subfield><subfield code="2">gnd</subfield></datafield><datafield ind1=" " ind2="7" tag="651"><subfield code="a">Alpen</subfield><subfield code="0">(DE-588)4001328-5</subfield><subfield code="2">gnd</subfield></datafield><datafield ind1=" " ind2="7" tag="655"><subfield code="a">Aufsatzsammlung</subfield><subfield code="2">gnd-content</subfield></datafield><datafield ind1=" " ind2="7" tag="655"><subfield code="a">Quelle</subfield><subfield code="2">gnd-content</subfield></datafield><datafield ind1=" " ind2=" " tag="690"><subfield code="a">Alpen, Wahrnehmung, Mittelalter</subfield><subfield code="2">ubs-A6</subfield></datafield><datafield ind1=" " ind2=" " tag="690"><subfield code="a">Alpenbegeisterung, Mittelalter</subfield><subfield code="2">ubs-A6</subfield></datafield><datafield ind1=" " ind2=" " tag="690"><subfield code="a">Alpen / Landeskunde / 1975- ersch</subfield><subfield code="2">uzb-Z9</subfield></datafield><datafield ind1=" " ind2=" " tag="690"><subfield code="a">Bergsteigen / Geschichte</subfield><subfield code="2">uzb-Z9</subfield></datafield><datafield ind1=" " ind2=" " tag="690"><subfield code="a">Motiv (Kunst) / Einzelne Motive und Stoffe / 1985- ersch.</subfield><subfield code="2">uzb-Z9</subfield></datafield><datafield ind1=" " ind2=" " tag="690"><subfield code="a">Motiv (Literatur) / Einzelne Motive und Stoffe / 1984- ersch.</subfield><subfield code="2">uzb-Z9</subfield></datafield><datafield ind1=" " ind2=" " tag="690"><subfield code="a">Naturgefühl / 1900- ersch.</subfield><subfield code="2">uzb-Z9</subfield></datafield><datafield ind1="1" ind2=" " tag="700"><subfield code="a">Petrarca, Francesco</subfield><subfield code="d">1304-1374</subfield><subfield code="0">(DE-588)118593234</subfield></datafield><datafield ind1="0" ind2=" " tag="700"><subfield code="a">Dante</subfield><subfield code="c">Alighieri</subfield><subfield code="d">1265-1321</subfield><subfield code="0">(DE-588)118523708</subfield></datafield><datafield ind1="1" ind2=" " tag="700"><subfield code="a">Gessner, Conrad</subfield><subfield code="d">1516-1565</subfield><subfield code="0">(DE-588)118694413</subfield></datafield><datafield ind1="1" ind2=" " tag="700"><subfield code="a">Stumpf, Johannes</subfield><subfield code="d">1500-1577</subfield><subfield code="0">(DE-588)118757555</subfield></datafield><datafield ind1="1" ind2=" " tag="700"><subfield code="a">Tschudi, Aegidius</subfield><subfield code="d">1505-1572</subfield><subfield code="0">(DE-588)118624326</subfield></datafield><datafield ind1="1" ind2=" " tag="700"><subfield code="a">Zebhauser, Helmuth</subfield><subfield code="0">(RERO)A003996420</subfield></datafield><datafield ind1="2" ind2=" " tag="710"><subfield code="6">880-08</subfield><subfield code="a">Deutscher Alpenverein</subfield><subfield code="0">(IDREF)161291066</subfield></datafield><datafield ind1="2" ind2=" " tag="880"><subfield code="a">Deutscher Alpenverein</subfield><subfield code="0">(DE-588)30536-4</subfield><subfield code="6">710-08</subfield></datafield><datafield ind1=" " ind2="0" tag="830"><subfield code="a">Alpine Klassiker</subfield><subfield code="v">5</subfield><subfield code="w">(IDSBB)000213405DSV01</subfield></datafield><datafield ind1=" " ind2="0" tag="830"><subfield code="a">Alpine Klassiker</subfield><subfield code="v">5</subfield><subfield code="w">(NEBIS)001007128EBI01</subfield></datafield><datafield ind1=" " ind2=" " tag="900"><subfield code="a">REROnoselfmerge</subfield></datafield><datafield ind1=" " ind2=" " tag="900"><subfield code="a">IDSZRMedeaZBZ</subfield></datafield></record>
</metadata></record>