<record><header><identifier>oai:alma.41SLSP_UGE:991000106179705502</identifier><datestamp>2024-09-11T00:12:26Z</datestamp><setSpec>uge_bcen_RapidILL_BOOK</setSpec><setSpec>uge_aaca_RapidILL_BOOK</setSpec><setSpec>uge_abels_RapidILL_BOOK</setSpec><setSpec>uge_dbu_RapidILL_BOOK</setSpec><setSpec>uge_cmu_RapidILL_BOOK</setSpec><setSpec>uge_mail_RapidILL_BOOK</setSpec><setSpec>uge_abbat_RapidILL_BOOK</setSpec><setSpec>UNIGE_ALL</setSpec><setSpec>uge_acar_RapidILL_BOOK</setSpec><setSpec>uge_aobs_RapidILL_BOOK</setSpec></header><metadata>
<record xmlns="http://www.loc.gov/MARC21/slim" xmlns:xsi="http://www.w3.org/2001/XMLSchema-instance" xsi:schemaLocation="http://www.loc.gov/MARC21/slim http://www.loc.gov/standards/marcxml/schema/MARC21slim.xsd"><leader>01648nam a2200325uc 4500</leader><controlfield tag="001">991000106179705502</controlfield><controlfield tag="005">20240911001740.0</controlfield><controlfield tag="008">190612s1987    cc a     b    000 0 chi d</controlfield><datafield ind1=" " ind2=" " tag="035"><subfield code="a">(swissbib)12575082X-41slsp_network</subfield></datafield><datafield ind1=" " ind2=" " tag="035"><subfield code="a">12575082X</subfield><subfield code="9">ExL</subfield></datafield><datafield ind1=" " ind2=" " tag="035"><subfield code="a">(RERO)R008933984-41slsp</subfield></datafield><datafield ind1=" " ind2=" " tag="035"><subfield code="a">(EXLNZ-41SLSP_NETWORK)991088172449705501</subfield></datafield><datafield ind1=" " ind2=" " tag="040"><subfield code="a">CNGUL</subfield><subfield code="b">ger</subfield><subfield code="d">CH-ZuSLS</subfield><subfield code="e">rda</subfield><subfield code="d">CH-ZuSLS UZB UAOI</subfield></datafield><datafield ind1="0" ind2=" " tag="041"><subfield code="a">chi</subfield></datafield><datafield ind1=" " ind2="7" tag="072"><subfield code="a">ro</subfield><subfield code="2">rero</subfield></datafield><datafield ind1="1" ind2=" " tag="100"><subfield code="6">880-01</subfield><subfield code="a">Lu, Shulun</subfield><subfield code="d">1931-1984</subfield><subfield code="4">aut</subfield><subfield code="0">(DE-588)1216972044</subfield></datafield><datafield ind1="0" ind2=" " tag="880"><subfield code="6">100-01/$1</subfield><subfield code="a">陆树仑</subfield><subfield code="d">1931-1984</subfield><subfield code="4">aut</subfield></datafield><datafield ind1="1" ind2="0" tag="245"><subfield code="6">880-02</subfield><subfield code="a">Feng meng long yan jiu</subfield><subfield code="c">Lu shu lun zhu</subfield></datafield><datafield ind1="1" ind2="0" tag="880"><subfield code="6">245-02/$1</subfield><subfield code="a">冯梦龙研究</subfield><subfield code="c">陆树仑 著</subfield></datafield><datafield ind1=" " ind2=" " tag="250"><subfield code="6">880-05</subfield><subfield code="a">Di 1 ban</subfield></datafield><datafield ind1=" " ind2=" " tag="880"><subfield code="6">250-05/$1</subfield><subfield code="a">第 1 版</subfield></datafield><datafield ind1=" " ind2="1" tag="264"><subfield code="6">880-03</subfield><subfield code="a">Shanghai</subfield><subfield code="b">Fu dan da xue chu ban she</subfield><subfield code="c">1987</subfield></datafield><datafield ind1=" " ind2="1" tag="880"><subfield code="6">264-03/$1</subfield><subfield code="a">上海</subfield><subfield code="b">复旦大学出版社</subfield><subfield code="c">1987</subfield></datafield><datafield ind1=" " ind2=" " tag="300"><subfield code="a">162 Seiten</subfield><subfield code="c">20 cm</subfield></datafield><datafield ind1=" " ind2=" " tag="336"><subfield code="b">txt</subfield><subfield code="2">rdacontent</subfield></datafield><datafield ind1=" " ind2=" " tag="337"><subfield code="b">n</subfield><subfield code="2">rdamedia</subfield></datafield><datafield ind1=" " ind2=" " tag="338"><subfield code="b">nc</subfield><subfield code="2">rdacarrier</subfield></datafield><datafield ind1="8" ind2=" " tag="520"><subfield code="6">880-04</subfield><subfield code="a">Ben shu dui feng meng long de shen shi, Jing li, Zheng zhi he wen xue de zhu zhang ji qi shi jian huo dong deng zuo le xiang xi de kao zheng yan jiu</subfield></datafield><datafield ind1=" " ind2=" " tag="880"><subfield code="6">520-04/$1</subfield><subfield code="a">本书对冯梦龙的身世, 经历, 政治和文学的主张及其实践活动等作了详细的考证研究</subfield></datafield><datafield ind1=" " ind2=" " tag="900"><subfield code="a">REROnoselfmerge</subfield></datafield><datafield ind1=" " ind2=" " tag="910"><subfield code="a">OCoLC</subfield><subfield code="b">20190612</subfield><subfield code="c">Réutilisation sous conditions: Licence ODC-BY</subfield></datafield></record>
</metadata></record>