<record><header><identifier>oai:alma.41SLSP_UGE:991000106699705502</identifier><datestamp>2023-03-01T01:10:27Z</datestamp><setSpec>uge_bcen_RapidILL_BOOK</setSpec><setSpec>uge_aaca_RapidILL_BOOK</setSpec><setSpec>uge_abels_RapidILL_BOOK</setSpec><setSpec>uge_dbu_RapidILL_BOOK</setSpec><setSpec>uge_cmu_RapidILL_BOOK</setSpec><setSpec>uge_mail_RapidILL_BOOK</setSpec><setSpec>UNIGE_ALL</setSpec><setSpec>uge_abbat_RapidILL_BOOK</setSpec><setSpec>uge_aobs_RapidILL_BOOK</setSpec><setSpec>uge_acar_RapidILL_BOOK</setSpec></header><metadata>
<record xmlns="http://www.loc.gov/MARC21/slim" xmlns:xsi="http://www.w3.org/2001/XMLSchema-instance" xsi:schemaLocation="http://www.loc.gov/MARC21/slim http://www.loc.gov/standards/marcxml/schema/MARC21slim.xsd"><leader>01703nam a2200313 c 4500</leader><controlfield tag="001">991000106699705502</controlfield><controlfield tag="005">20201225163801.0</controlfield><controlfield tag="008">960525s1972    gr ||||| |||| 00| ||gre d</controlfield><datafield ind1=" " ind2=" " tag="035"><subfield code="a">(swissbib)076681033-41slsp_network</subfield></datafield><datafield ind1=" " ind2=" " tag="035"><subfield code="a">076681033</subfield><subfield code="9">ExL</subfield></datafield><datafield ind1=" " ind2=" " tag="035"><subfield code="a">(RERO)0044532-41slsp</subfield></datafield><datafield ind1=" " ind2=" " tag="035"><subfield code="a">(EXLNZ-41SLSP_NETWORK)991042630749705501</subfield></datafield><datafield ind1=" " ind2=" " tag="040"><subfield code="a">RERO</subfield><subfield code="d">CH-ZuSLS</subfield></datafield><datafield ind1=" " ind2="7" tag="072"><subfield code="a">ha</subfield><subfield code="2">rero</subfield></datafield><datafield ind1="1" ind2=" " tag="100"><subfield code="6">880-01</subfield><subfield code="a">Lazaridīs, Dīmītris I.</subfield><subfield code="d">1917-1985</subfield><subfield code="0">(IDREF)067281516</subfield><subfield code="4">cre</subfield></datafield><datafield ind1="1" ind2=" " tag="880"><subfield code="6">100-01/(S</subfield><subfield code="a">Λαζαρίδης, Δημήτριος Ι.</subfield></datafield><datafield ind1="1" ind2="0" tag="245"><subfield code="6">880-02</subfield><subfield code="a">Amphēpolēs kai Argilos</subfield><subfield code="c">D. Lazaridēs</subfield></datafield><datafield ind1="1" ind2="0" tag="880"><subfield code="6">245-02/(S</subfield><subfield code="a">Αμφίπολις και Άργιλος</subfield><subfield code="c">Δ. Λαζαρίδης</subfield></datafield><datafield ind1="1" ind2=" " tag="246"><subfield code="a">Amfípolis kaí Argilos / D. Lazarídi̲s</subfield></datafield><datafield ind1=" " ind2="1" tag="264"><subfield code="a">Athens</subfield><subfield code="b">Athens Center of Ekistics</subfield><subfield code="c">1972</subfield></datafield><datafield ind1=" " ind2=" " tag="300"><subfield code="a">XXVI</subfield><subfield code="e">98 p. + 42 f. de pl.</subfield><subfield code="c">28 cm.</subfield><subfield code="b">fig</subfield></datafield><datafield ind1=" " ind2=" " tag="336"><subfield code="b">txt</subfield><subfield code="2">rdacontent</subfield></datafield><datafield ind1=" " ind2=" " tag="337"><subfield code="b">n</subfield><subfield code="2">rdamedia</subfield></datafield><datafield ind1=" " ind2=" " tag="338"><subfield code="b">nc</subfield><subfield code="2">rdacarrier</subfield></datafield><datafield ind1="1" ind2=" " tag="490"><subfield code="a">Ancient Greek cities</subfield><subfield code="v">13</subfield></datafield><datafield ind1=" " ind2="7" tag="651"><subfield code="a">Amphipolis (Grèce)</subfield><subfield code="0">(RERO)A010042544</subfield><subfield code="2">rero</subfield></datafield><datafield ind1=" " ind2="7" tag="651"><subfield code="a">Argilos (Grèce)</subfield><subfield code="0">(RERO)A010045029</subfield><subfield code="2">rero</subfield></datafield><datafield ind1=" " ind2=" " tag="830"><subfield code="6">880-03</subfield><subfield code="a">Archaies Hellēnikes Poleis</subfield><subfield code="v">13</subfield><subfield code="w">(RERO)0041112-41slsp</subfield></datafield><datafield ind1=" " ind2="0" tag="880"><subfield code="6">830-03/(S</subfield><subfield code="a">Αρχαίες Ελληνικές Πόλεις. Ancient Greek cities</subfield><subfield code="v">13</subfield></datafield><datafield ind1=" " ind2=" " tag="900"><subfield code="a">REROnoselfmerge</subfield></datafield></record>
</metadata></record>