<record><header><identifier>oai:alma.41SLSP_UGE:991000105969705502</identifier><datestamp>2023-03-01T01:10:27Z</datestamp><setSpec>uge_bcen_RapidILL_BOOK</setSpec><setSpec>uge_aaca_RapidILL_BOOK</setSpec><setSpec>uge_abels_RapidILL_BOOK</setSpec><setSpec>uge_dbu_RapidILL_BOOK</setSpec><setSpec>uge_cmu_RapidILL_BOOK</setSpec><setSpec>uge_mail_RapidILL_BOOK</setSpec><setSpec>UNIGE_ALL</setSpec><setSpec>uge_abbat_RapidILL_BOOK</setSpec><setSpec>uge_aobs_RapidILL_BOOK</setSpec><setSpec>uge_acar_RapidILL_BOOK</setSpec></header><metadata>
<record xmlns="http://www.loc.gov/MARC21/slim" xmlns:xsi="http://www.w3.org/2001/XMLSchema-instance" xsi:schemaLocation="http://www.loc.gov/MARC21/slim http://www.loc.gov/standards/marcxml/schema/MARC21slim.xsd"><leader>02624nam a2200589 c 4500</leader><controlfield tag="001">991000105969705502</controlfield><controlfield tag="005">20230117184729.0</controlfield><controlfield tag="008">201011s1994    yu ||||| |||| 00| ||eng d</controlfield><datafield ind1=" " ind2=" " tag="020"><subfield code="a">8672690141</subfield></datafield><datafield ind1=" " ind2=" " tag="035"><subfield code="a">(swissbib)220613877-41slsp_network</subfield></datafield><datafield ind1=" " ind2=" " tag="035"><subfield code="a">220613877</subfield><subfield code="9">ExL</subfield></datafield><datafield ind1=" " ind2=" " tag="035"><subfield code="a">(RERO)1910386-41slsp</subfield></datafield><datafield ind1=" " ind2=" " tag="035"><subfield code="a">(NEBIS)004267354EBI01</subfield></datafield><datafield ind1=" " ind2=" " tag="035"><subfield code="a">(IDSBB)001275425DSV01</subfield></datafield><datafield ind1=" " ind2=" " tag="035"><subfield code="a">(EXLNZ-41SLSP_NETWORK)991119531399705501</subfield></datafield><datafield ind1=" " ind2=" " tag="040"><subfield code="a">RERO gevbaa</subfield><subfield code="d">CH-ZuSLS</subfield></datafield><datafield ind1="0" ind2=" " tag="041"><subfield code="a">eng</subfield><subfield code="a">srp</subfield></datafield><datafield ind1=" " ind2="7" tag="072"><subfield code="a">ba</subfield><subfield code="2">rero</subfield></datafield><datafield ind1=" " ind2="7" tag="072"><subfield code="a">ar</subfield><subfield code="2">rero</subfield></datafield><datafield ind1=" " ind2="7" tag="072"><subfield code="a">kh</subfield><subfield code="2">SzZuIDS BS/BE</subfield></datafield><datafield ind1=" " ind2="7" tag="072"><subfield code="a">ar</subfield><subfield code="2">SzZuIDS BS/BE</subfield></datafield><datafield ind1="1" ind2="4" tag="082"><subfield code="a">930</subfield><subfield code="2">15</subfield></datafield><datafield ind1="0" ind2="0" tag="245"><subfield code="a">Antičko srebro u Srbiji</subfield><subfield code="b">= Antique silver from Serbia</subfield><subfield code="c">priredila Ivana Popović ; autori: Tatjana Cvjetićanin... [et al.]</subfield></datafield><datafield ind1="1" ind2=" " tag="246"><subfield code="a">Antique silver from Serbia</subfield></datafield><datafield ind1=" " ind2="1" tag="264"><subfield code="a">Beograd</subfield><subfield code="b">Narodni muzej Beograd</subfield><subfield code="c">1994</subfield></datafield><datafield ind1=" " ind2=" " tag="300"><subfield code="a">384 p.</subfield><subfield code="b">ill.</subfield><subfield code="c">25 cm</subfield></datafield><datafield ind1=" " ind2=" " tag="336"><subfield code="b">txt</subfield><subfield code="2">rdacontent</subfield></datafield><datafield ind1=" " ind2=" " tag="337"><subfield code="b">n</subfield><subfield code="2">rdamedia</subfield></datafield><datafield ind1=" " ind2=" " tag="338"><subfield code="b">nc</subfield><subfield code="2">rdacarrier</subfield></datafield><datafield ind1=" " ind2=" " tag="500"><subfield code="a">Catalogue de l'exposition organisée à Belgrade, National Museum, probablement en 1994</subfield></datafield><datafield ind1=" " ind2=" " tag="500"><subfield code="a">Exposition. Beograd. Narodni Muzej. 1994</subfield></datafield><datafield ind1=" " ind2=" " tag="500"><subfield code="a">Texte serbisch und engl.</subfield></datafield><datafield ind1=" " ind2=" " tag="500"><subfield code="a">Eine Ausstellung des Nationalmuseums Belgrad, 1994</subfield></datafield><datafield ind1=" " ind2=" " tag="500"><subfield code="a">Texte serbe et anglais</subfield></datafield><datafield ind1=" " ind2=" " tag="500"><subfield code="a">Ausstellung organisiert in Belgrad im Nationalmuseum, 1994</subfield></datafield><datafield ind1="2" ind2="7" tag="610"><subfield code="a">Musée national (Belgrade)</subfield><subfield code="0">(RERO)A009966172</subfield><subfield code="2">rero</subfield></datafield><datafield ind1=" " ind2="7" tag="650"><subfield code="a">orfèvrerie romaine antique</subfield><subfield code="0">(RERO)A010126143</subfield><subfield code="2">rerovoc</subfield></datafield><datafield ind1=" " ind2="7" tag="650"><subfield code="a">monnaies en argent romaines antiques</subfield><subfield code="0">(RERO)A010118773</subfield><subfield code="2">rerovoc</subfield></datafield><datafield ind1=" " ind2="7" tag="650"><subfield code="a">FUNDE + BODENFUNDE (VORGESCHICHTE)</subfield><subfield code="9">ger</subfield><subfield code="0">(ETHUDK)000048615</subfield><subfield code="2">ethudk</subfield></datafield><datafield ind1=" " ind2="7" tag="650"><subfield code="a">GESCHICHTE DER KÜNSTLERISCHEN METALLVERARBEITUNG + GOLD- UND SILBERSCHMIEDEGESCHICHTE</subfield><subfield code="9">ger</subfield><subfield code="0">(ETHUDK)000044071</subfield><subfield code="2">ethudk</subfield></datafield><datafield ind1=" " ind2="7" tag="650"><subfield code="a">GOLDSCHMIEDEKUNST + SILBERSCHMIEDEKUNST</subfield><subfield code="9">ger</subfield><subfield code="0">(ETHUDK)000035777</subfield><subfield code="2">ethudk</subfield></datafield><datafield ind1=" " ind2="7" tag="650"><subfield code="a">PUBLIKATIONEN ZU TEMPORÄREN AUSSTELLUNGEN</subfield><subfield code="9">ger</subfield><subfield code="0">(ETHUDK)000009298</subfield><subfield code="2">ethudk</subfield></datafield><datafield ind1=" " ind2="7" tag="650"><subfield code="a">SERBIEN (SÜDOSTEUROPA). REPUBLIK SERBIEN</subfield><subfield code="9">ger</subfield><subfield code="0">(ETHUDK)000060405</subfield><subfield code="2">ethudk</subfield></datafield><datafield ind1=" " ind2="7" tag="651"><subfield code="a">Serbie</subfield><subfield code="0">(IDREF)027263193</subfield><subfield code="2">idref</subfield></datafield><datafield ind1=" " ind2="7" tag="655"><subfield code="a">Catalogues d'exposition</subfield><subfield code="0">(IDREF)027320456</subfield><subfield code="2">idref</subfield></datafield><datafield ind1=" " ind2="7" tag="655"><subfield code="a">Ausstellungskatalog</subfield><subfield code="z">Beograd</subfield><subfield code="y">1994</subfield><subfield code="2">gnd-content</subfield></datafield><datafield ind1=" " ind2="7" tag="655"><subfield code="a">Ausstellungskatalog</subfield><subfield code="z">Belgrad</subfield><subfield code="y">1994</subfield><subfield code="2">gnd-content</subfield></datafield><datafield ind1=" " ind2=" " tag="690"><subfield code="a">Silber</subfield><subfield code="2">ubs-AA</subfield></datafield><datafield ind1="1" ind2=" " tag="700"><subfield code="a">Popović, Ivana</subfield><subfield code="d">1955-</subfield><subfield code="0">(DE-588)10322968X</subfield><subfield code="6">880-02</subfield></datafield><datafield ind1="1" ind2=" " tag="880"><subfield code="6">700-02</subfield><subfield code="a">Popović, Ivana</subfield><subfield code="d">1955-....</subfield><subfield code="0">(IDREF)030846706</subfield></datafield><datafield ind1="1" ind2=" " tag="700"><subfield code="a">Cvjetićanin, Tatjana</subfield><subfield code="0">(IDREF)086098608</subfield></datafield><datafield ind1="2" ind2=" " tag="710"><subfield code="a">Narodni muzej</subfield><subfield code="g">Belgrad</subfield><subfield code="0">(DE-588)1008371-6</subfield></datafield><datafield ind1=" " ind2=" " tag="900"><subfield code="a">REROnoselfmerge</subfield></datafield></record>
</metadata></record>