<record><header><identifier>oai:alma.41SLSP_UGE:991000106489705502</identifier><datestamp>2023-03-01T01:10:27Z</datestamp><setSpec>uge_bcen_RapidILL_BOOK</setSpec><setSpec>uge_aaca_RapidILL_BOOK</setSpec><setSpec>uge_abels_RapidILL_BOOK</setSpec><setSpec>uge_dbu_RapidILL_BOOK</setSpec><setSpec>uge_cmu_RapidILL_BOOK</setSpec><setSpec>uge_mail_RapidILL_BOOK</setSpec><setSpec>UNIGE_ALL</setSpec><setSpec>uge_abbat_RapidILL_BOOK</setSpec><setSpec>uge_aobs_RapidILL_BOOK</setSpec><setSpec>uge_acar_RapidILL_BOOK</setSpec></header><metadata>
<record xmlns="http://www.loc.gov/MARC21/slim" xmlns:xsi="http://www.w3.org/2001/XMLSchema-instance" xsi:schemaLocation="http://www.loc.gov/MARC21/slim http://www.loc.gov/standards/marcxml/schema/MARC21slim.xsd"><leader>04194nam a2201009 c 4500</leader><controlfield tag="001">991000106489705502</controlfield><controlfield tag="005">20230116191029.0</controlfield><controlfield tag="008">201011s2000    gw ||||| |||| 00| ||ger d</controlfield><datafield ind1=" " ind2=" " tag="015"><subfield code="a">GFR-CIP-00,N10,0679</subfield><subfield code="a">DNB-00,A32,1465</subfield></datafield><datafield ind1="7" ind2=" " tag="016"><subfield code="a">958403058</subfield><subfield code="2">GyFmDB</subfield></datafield><datafield ind1=" " ind2=" " tag="020"><subfield code="a">3826017935</subfield><subfield code="q">brosch.</subfield><subfield code="c">DM 78.00, sfr 70.90, S 569.00</subfield></datafield><datafield ind1=" " ind2=" " tag="035"><subfield code="a">(swissbib)220614482-41slsp_network</subfield></datafield><datafield ind1=" " ind2=" " tag="035"><subfield code="a">220614482</subfield><subfield code="9">ExL</subfield></datafield><datafield ind1=" " ind2=" " tag="035"><subfield code="a">(RERO)R268933260-41slsp</subfield></datafield><datafield ind1=" " ind2=" " tag="035"><subfield code="a">(IDSBB)002208023DSV01</subfield></datafield><datafield ind1=" " ind2=" " tag="035"><subfield code="a">(IDSLU)000206070ILU01</subfield></datafield><datafield ind1=" " ind2=" " tag="035"><subfield code="a">(NEBIS)003873198EBI01</subfield></datafield><datafield ind1=" " ind2=" " tag="035"><subfield code="a">(EXLNZ-41SLSP_NETWORK)991118954129705501</subfield></datafield><datafield ind1=" " ind2=" " tag="040"><subfield code="a">RERO neubfl</subfield><subfield code="d">CH-ZuSLS</subfield></datafield><datafield ind1="0" ind2=" " tag="041"><subfield code="a">ger</subfield><subfield code="a">eng</subfield><subfield code="a">fre</subfield></datafield><datafield ind1=" " ind2="7" tag="072"><subfield code="a">lc</subfield><subfield code="2">rero</subfield></datafield><datafield ind1=" " ind2="7" tag="072"><subfield code="a">ln</subfield><subfield code="2">SzZuIDS BS/BE</subfield></datafield><datafield ind1=" " ind2="7" tag="072"><subfield code="a">510</subfield><subfield code="2">IDS LU</subfield></datafield><datafield ind1="1" ind2=" " tag="080"><subfield code="a">82.092</subfield></datafield><datafield ind1="0" ind2="0" tag="082"><subfield code="a">809/.05</subfield><subfield code="2">21</subfield></datafield><datafield ind1="1" ind2="4" tag="082"><subfield code="a">809.04</subfield><subfield code="2">22</subfield></datafield><datafield ind1="1" ind2="4" tag="082"><subfield code="a">800</subfield><subfield code="2">15</subfield></datafield><datafield ind1=" " ind2=" " tag="084"><subfield code="a">EC 1050</subfield><subfield code="2">rvk</subfield></datafield><datafield ind1=" " ind2=" " tag="084"><subfield code="a">EC 2460</subfield><subfield code="2">rvk</subfield></datafield><datafield ind1=" " ind2=" " tag="084"><subfield code="a">EC 5196</subfield><subfield code="2">rvk</subfield></datafield><datafield ind1="0" ind2="0" tag="245"><subfield code="a">Literatur im Zeitalter der Globalisierung</subfield><subfield code="c">hrsg. von Manfred Schmeling, Monika Schmitz-Emans und Kerst Walstra</subfield></datafield><datafield ind1=" " ind2="1" tag="264"><subfield code="a">Würzburg</subfield><subfield code="b">Königshausen &amp; Neumann</subfield><subfield code="c">[2000]</subfield></datafield><datafield ind1=" " ind2="4" tag="264"><subfield code="c">© 2000</subfield></datafield><datafield ind1=" " ind2=" " tag="300"><subfield code="a">318 p.</subfield><subfield code="c">24 cm</subfield></datafield><datafield ind1=" " ind2=" " tag="336"><subfield code="b">txt</subfield><subfield code="2">rdacontent</subfield></datafield><datafield ind1=" " ind2=" " tag="337"><subfield code="b">n</subfield><subfield code="2">rdamedia</subfield></datafield><datafield ind1=" " ind2=" " tag="338"><subfield code="b">nc</subfield><subfield code="2">rdacarrier</subfield></datafield><datafield ind1="1" ind2=" " tag="490"><subfield code="a">Saarbrücker Beiträge zur vergleichenden Literatur- und Kulturwissenschaft</subfield><subfield code="v">Bd. 13</subfield></datafield><datafield ind1=" " ind2=" " tag="500"><subfield code="a">Literaturangaben</subfield></datafield><datafield ind1=" " ind2=" " tag="500"><subfield code="a">Beitr. in deutsch, englisch und französisch</subfield></datafield><datafield ind1=" " ind2=" " tag="500"><subfield code="a">Beitr. teilw. dt., teilw. engl., teilw. franz</subfield></datafield><datafield ind1=" " ind2=" " tag="500"><subfield code="a">Beiträge überwiegend dt., einige Beiträge franz. oder engl.</subfield></datafield><datafield ind1=" " ind2="7" tag="650"><subfield code="a">Littérature</subfield><subfield code="0">(IDREF)027328570</subfield><subfield code="2">idref</subfield></datafield><datafield ind1=" " ind2="7" tag="650"><subfield code="a">20e siècle (2e moitié)</subfield><subfield code="0">(RERO)A022488830</subfield><subfield code="2">rero</subfield></datafield><datafield ind1=" " ind2="7" tag="650"><subfield code="a">Mondialisation</subfield><subfield code="0">(IDREF)03500407X</subfield><subfield code="2">idref</subfield></datafield><datafield ind1=" " ind2="7" tag="650"><subfield code="a">Literatur</subfield><subfield code="x">Globalisierung</subfield><subfield code="2">idsbb</subfield></datafield><datafield ind1=" " ind2="7" tag="650"><subfield code="a">Globalisierung</subfield><subfield code="x">Literatur</subfield><subfield code="2">idsbb</subfield></datafield><datafield ind1=" " ind2="7" tag="650"><subfield code="a">Internationalisierung</subfield><subfield code="2">idszbz</subfield></datafield><datafield ind1=" " ind2="7" tag="650"><subfield code="a">Literatur</subfield><subfield code="2">idszbz</subfield></datafield><datafield ind1=" " ind2="7" tag="650"><subfield code="a">Literaturtheorie</subfield><subfield code="2">idszbz</subfield></datafield><datafield ind1=" " ind2="7" tag="650"><subfield code="a">Globalisierung</subfield><subfield code="0">(DE-588)4557997-0</subfield><subfield code="2">gnd</subfield></datafield><datafield ind1=" " ind2="7" tag="650"><subfield code="a">Interkulturalität</subfield><subfield code="0">(DE-588)4519498-1</subfield><subfield code="2">gnd</subfield></datafield><datafield ind1=" " ind2="7" tag="650"><subfield code="a">Kulturkontakt</subfield><subfield code="0">(DE-588)4033569-0</subfield><subfield code="2">gnd</subfield></datafield><datafield ind1=" " ind2="7" tag="650"><subfield code="a">Literatur</subfield><subfield code="0">(DE-588)4035964-5</subfield><subfield code="2">gnd</subfield></datafield><datafield ind1=" " ind2="7" tag="650"><subfield code="a">Literaturbeziehungen</subfield><subfield code="0">(DE-588)4035965-7</subfield><subfield code="2">gnd</subfield></datafield><datafield ind1=" " ind2="7" tag="650"><subfield code="a">Literaturtheorie</subfield><subfield code="0">(DE-588)4036031-3</subfield><subfield code="2">gnd</subfield></datafield><datafield ind1=" " ind2="7" tag="650"><subfield code="a">Literaturwissenschaft</subfield><subfield code="0">(DE-588)4036034-9</subfield><subfield code="2">gnd</subfield></datafield><datafield ind1=" " ind2="0" tag="650"><subfield code="a">Internationalism in literature</subfield></datafield><datafield ind1=" " ind2="0" tag="650"><subfield code="a">Internationalism in literature</subfield><subfield code="v">Congresses</subfield></datafield><datafield ind1=" " ind2="0" tag="650"><subfield code="a">Literature, Modern</subfield><subfield code="y">20th century</subfield><subfield code="x">History and criticism</subfield></datafield><datafield ind1=" " ind2="0" tag="650"><subfield code="a">Literature, Modern</subfield><subfield code="y">20th century</subfield><subfield code="x">History and criticism</subfield><subfield code="v">Congresses</subfield></datafield><datafield ind1=" " ind2="0" tag="650"><subfield code="a">Multiculturalism in literature</subfield></datafield><datafield ind1=" " ind2="0" tag="650"><subfield code="a">Multiculturalism in literature</subfield><subfield code="v">Congresses</subfield></datafield><datafield ind1=" " ind2="7" tag="655"><subfield code="a">[Études diverses]</subfield><subfield code="0">(RERO)A022249905</subfield><subfield code="2">rero</subfield></datafield><datafield ind1=" " ind2="7" tag="655"><subfield code="a">Actes de congrès</subfield><subfield code="0">(IDREF)02886431X</subfield><subfield code="2">idref</subfield></datafield><datafield ind1=" " ind2="7" tag="655"><subfield code="a">Aufsatzsammlung</subfield><subfield code="2">idszbz</subfield></datafield><datafield ind1=" " ind2=" " tag="690"><subfield code="a">Globalisierung &amp; Literatur. Aufsätze</subfield><subfield code="2">rzs-L1</subfield></datafield><datafield ind1=" " ind2=" " tag="690"><subfield code="a">Internationalisierung &amp; Literatur. Aufsätze</subfield><subfield code="2">rzs-L1</subfield></datafield><datafield ind1=" " ind2=" " tag="690"><subfield code="a">Medien &amp; Literatur. Aufsätze</subfield><subfield code="2">rzs-L1</subfield></datafield><datafield ind1=" " ind2=" " tag="690"><subfield code="a">Literatur &amp; Globalisierung. Aufsätze</subfield><subfield code="2">rzs-L1</subfield></datafield><datafield ind1=" " ind2=" " tag="690"><subfield code="a">Literatur &amp; Internationalisierung. Aufsätze</subfield><subfield code="2">rzs-L1</subfield></datafield><datafield ind1=" " ind2=" " tag="690"><subfield code="a">Literatur &amp; Medien. Aufsätze</subfield><subfield code="2">rzs-L1</subfield></datafield><datafield ind1=" " ind2=" " tag="690"><subfield code="a">Literatur, 20. Jh.</subfield><subfield code="2">uzb-VI</subfield></datafield><datafield ind1=" " ind2=" " tag="690"><subfield code="a">Vergleichende Literaturwissenschaft</subfield><subfield code="2">uzb-VI</subfield></datafield><datafield ind1=" " ind2=" " tag="690"><subfield code="a">Literaturtheorie, 20. Jh.</subfield><subfield code="2">uzb-VI</subfield></datafield><datafield ind1=" " ind2=" " tag="690"><subfield code="a">Globalisierung</subfield><subfield code="2">uzb-VI</subfield></datafield><datafield ind1=" " ind2=" " tag="690"><subfield code="a">Interkulturalität</subfield><subfield code="2">uzb-VI</subfield></datafield><datafield ind1=" " ind2=" " tag="690"><subfield code="a">Medien und Literatur</subfield><subfield code="2">uzb-VI</subfield></datafield><datafield ind1=" " ind2=" " tag="690"><subfield code="a">Exilliteratur</subfield><subfield code="2">uzb-VI</subfield></datafield><datafield ind1=" " ind2=" " tag="690"><subfield code="a">Kosmopolitik (-ismus)</subfield><subfield code="2">uzb-VI</subfield></datafield><datafield ind1=" " ind2=" " tag="690"><subfield code="a">Zweisprachigkeit</subfield><subfield code="2">uzb-VI</subfield></datafield><datafield ind1="1" ind2=" " tag="700"><subfield code="a">Schmeling, Manfred</subfield><subfield code="d">1943-</subfield><subfield code="0">(DE-588)13272362X</subfield><subfield code="6">880-02</subfield></datafield><datafield ind1="1" ind2=" " tag="880"><subfield code="6">700-02</subfield><subfield code="a">Schmeling, Manfred</subfield><subfield code="d">1943-....</subfield><subfield code="0">(IDREF)027126692</subfield></datafield><datafield ind1="4" ind2=" " tag="856"><subfield code="3">Inhaltsverzeichnis</subfield><subfield code="u">http://www.ub.unibas.ch/tox/HBZ/HT012758377/PDF</subfield><subfield code="q">pdf</subfield></datafield><datafield ind1=" " ind2=" " tag="830"><subfield code="a">Saarbrücker Beiträge zur vergleichenden Literatur- und Kulturwissenschaft</subfield><subfield code="v">13</subfield><subfield code="w">(NEBIS)001482912EBI01</subfield></datafield><datafield ind1=" " ind2=" " tag="900"><subfield code="a">REROnoselfmerge</subfield></datafield><datafield ind1=" " ind2=" " tag="900"><subfield code="a">IDSZ2zbzmon200006f</subfield><subfield code="c">IDSZ2baeh 000630</subfield><subfield code="d">IDSZ2zbzswk200101b</subfield><subfield code="e">IDSZ2groc</subfield></datafield><datafield ind1=" " ind2=" " tag="949"><subfield code="a">http://www.ub.unibas.ch/tox/HBZ/HT012758377/PDF</subfield></datafield></record>
</metadata></record>