<record><header><identifier>oai:alma.41SLSP_UGE:991000106709705502</identifier><datestamp>2023-03-29T00:17:08Z</datestamp><setSpec>uge_bcen_RapidILL_BOOK</setSpec><setSpec>uge_aaca_RapidILL_BOOK</setSpec><setSpec>uge_abels_RapidILL_BOOK</setSpec><setSpec>uge_dbu_RapidILL_BOOK</setSpec><setSpec>uge_cmu_RapidILL_BOOK</setSpec><setSpec>uge_mail_RapidILL_BOOK</setSpec><setSpec>uge_abbat_RapidILL_BOOK</setSpec><setSpec>UNIGE_ALL</setSpec><setSpec>uge_acar_RapidILL_BOOK</setSpec><setSpec>uge_aobs_RapidILL_BOOK</setSpec></header><metadata>
<record xmlns="http://www.loc.gov/MARC21/slim" xmlns:xsi="http://www.w3.org/2001/XMLSchema-instance" xsi:schemaLocation="http://www.loc.gov/MARC21/slim http://www.loc.gov/standards/marcxml/schema/MARC21slim.xsd"><leader>02661nam a2200637 c 4500</leader><controlfield tag="001">991000106709705502</controlfield><controlfield tag="005">20230328204528.0</controlfield><controlfield tag="008">201012s2017    xxu      b||| 001 0 eng| </controlfield><datafield ind1=" " ind2=" " tag="010"><subfield code="a">2016024542</subfield></datafield><datafield ind1=" " ind2=" " tag="020"><subfield code="a">9780190464493</subfield><subfield code="q">pbk. : alk. paper</subfield></datafield><datafield ind1=" " ind2=" " tag="035"><subfield code="a">(swissbib)23705907X-41slsp_network</subfield></datafield><datafield ind1=" " ind2=" " tag="035"><subfield code="a">23705907X</subfield><subfield code="9">ExL</subfield></datafield><datafield ind1=" " ind2=" " tag="035"><subfield code="a">(NEBIS)010837556EBI01</subfield></datafield><datafield ind1=" " ind2=" " tag="035"><subfield code="a">(RERO)R008855153-41slsp</subfield></datafield><datafield ind1=" " ind2=" " tag="035"><subfield code="a">(OCoLC)951612254</subfield></datafield><datafield ind1=" " ind2=" " tag="035"><subfield code="a">(EXLNZ-41SLSP_NETWORK)991086059289705501</subfield></datafield><datafield ind1=" " ind2=" " tag="040"><subfield code="a">DLC</subfield><subfield code="b">ger</subfield><subfield code="e">rda</subfield><subfield code="d">CH-ZuSLS</subfield></datafield><datafield ind1=" " ind2=" " tag="042"><subfield code="a">pcc</subfield></datafield><datafield ind1="0" ind2="0" tag="050"><subfield code="a">GN296</subfield><subfield code="b">.W55 2016</subfield></datafield><datafield ind1="0" ind2="0" tag="060"><subfield code="a">GN 296</subfield><subfield code="b">W676m 2017</subfield></datafield><datafield ind1=" " ind2="7" tag="072"><subfield code="a">et</subfield><subfield code="2">rero</subfield></datafield><datafield ind1=" " ind2="7" tag="072"><subfield code="a">me</subfield><subfield code="2">rero</subfield></datafield><datafield ind1="0" ind2="0" tag="082"><subfield code="a">306.4/61</subfield><subfield code="2">23</subfield></datafield><datafield ind1="1" ind2="4" tag="082"><subfield code="a">390</subfield><subfield code="2">15</subfield></datafield><datafield ind1=" " ind2=" " tag="084"><subfield code="a">LC 56000</subfield><subfield code="2">rvk</subfield></datafield><datafield ind1="1" ind2=" " tag="100"><subfield code="a">Wiley, Andrea S.</subfield><subfield code="d">1962-</subfield><subfield code="0">(DE-588)136579000</subfield><subfield code="e">Verfasser</subfield><subfield code="4">aut</subfield><subfield code="6">880-01</subfield></datafield><datafield ind1="1" ind2=" " tag="880"><subfield code="6">100-01</subfield><subfield code="a">Wiley, Andra Susan</subfield><subfield code="d">1962-....</subfield><subfield code="0">(IDREF)114042381</subfield><subfield code="4">aut</subfield></datafield><datafield ind1="1" ind2="0" tag="245"><subfield code="a">Medical anthropology</subfield><subfield code="b">a biocultural approach</subfield><subfield code="c">Andrea S. Wiley (Indiana University, Bloomington), John S. Allen, (Indiana University, Bloomington)</subfield></datafield><datafield ind1=" " ind2=" " tag="250"><subfield code="a">Third edition</subfield></datafield><datafield ind1=" " ind2="1" tag="264"><subfield code="a">New York</subfield><subfield code="b">Oxford University Press</subfield><subfield code="c">[2017]</subfield></datafield><datafield ind1=" " ind2=" " tag="300"><subfield code="a">[xiv, 496 p.]</subfield><subfield code="b">ill.</subfield><subfield code="c">24 cm</subfield></datafield><datafield ind1=" " ind2=" " tag="336"><subfield code="b">txt</subfield><subfield code="2">rdacontent</subfield></datafield><datafield ind1=" " ind2=" " tag="337"><subfield code="b">n</subfield><subfield code="2">rdamedia</subfield></datafield><datafield ind1=" " ind2=" " tag="338"><subfield code="b">nc</subfield><subfield code="2">rdacarrier</subfield></datafield><datafield ind1=" " ind2=" " tag="504"><subfield code="a">Includes bibliographical references and index</subfield></datafield><datafield ind1=" " ind2="7" tag="650"><subfield code="a">Ethnomedizin</subfield><subfield code="0">(DE-588)4214435-8</subfield><subfield code="2">gnd</subfield></datafield><datafield ind1=" " ind2="7" tag="650"><subfield code="a">Krankheit</subfield><subfield code="0">(DE-588)4032844-2</subfield><subfield code="2">gnd</subfield></datafield><datafield ind1=" " ind2="7" tag="650"><subfield code="a">Kulturvergleich</subfield><subfield code="0">(DE-588)4114328-0</subfield><subfield code="2">gnd</subfield></datafield><datafield ind1=" " ind2="7" tag="650"><subfield code="a">Vorstellung</subfield><subfield code="0">(DE-588)4064032-2</subfield><subfield code="2">gnd</subfield></datafield><datafield ind1=" " ind2="7" tag="650"><subfield code="a">Kulturanthropologie</subfield><subfield code="0">(DE-588)4133903-4</subfield><subfield code="2">gnd</subfield></datafield><datafield ind1=" " ind2="7" tag="650"><subfield code="a">Anthropologische Medizin</subfield><subfield code="0">(DE-588)7790752-8</subfield><subfield code="2">gnd</subfield></datafield><datafield ind1=" " ind2="0" tag="650"><subfield code="a">Medical anthropology</subfield></datafield><datafield ind1=" " ind2="7" tag="650"><subfield code="a">Medical anthropology</subfield><subfield code="2">fast</subfield></datafield><datafield ind1=" " ind2="2" tag="650"><subfield code="a">Anthropology, Medical</subfield><subfield code="0">(DNLM)D060432</subfield></datafield><datafield ind1=" " ind2="2" tag="650"><subfield code="a">Cross-Cultural Comparison</subfield><subfield code="0">(DNLM)D003431</subfield></datafield><datafield ind1=" " ind2="2" tag="650"><subfield code="a">Health Knowledge, Attitudes, Practice</subfield><subfield code="0">(DNLM)D007722</subfield></datafield><datafield ind1=" " ind2="7" tag="650"><subfield code="a">Anthropologie médicale</subfield><subfield code="0">(IDREF)027219372</subfield><subfield code="2">idref</subfield></datafield><datafield ind1=" " ind2="7" tag="650"><subfield code="a">Ethnomédecine</subfield><subfield code="0">(IDREF)027410188</subfield><subfield code="2">idref</subfield></datafield><datafield ind1=" " ind2="7" tag="650"><subfield code="a">Biologie humaine</subfield><subfield code="0">(IDREF)027567362</subfield><subfield code="2">idref</subfield></datafield><datafield ind1=" " ind2="7" tag="655"><subfield code="a">Einführung</subfield><subfield code="2">gnd-content</subfield></datafield><datafield ind1="1" ind2=" " tag="700"><subfield code="a">Allen, John S.</subfield><subfield code="q">John Scott</subfield><subfield code="d">1961-</subfield><subfield code="0">(RERO)A023253419</subfield><subfield code="4">aut</subfield><subfield code="6">880-02</subfield></datafield><datafield ind1="1" ind2=" " tag="880"><subfield code="a">Allen, John S.</subfield><subfield code="d">1961-</subfield><subfield code="0">(DE-588)136579086</subfield><subfield code="e">Verfasser</subfield><subfield code="4">aut</subfield><subfield code="6">700-02</subfield></datafield><datafield ind1="4" ind2=" " tag="856"><subfield code="3">Titelblatt und Inhaltsverzeichnis</subfield><subfield code="u">https://toc.library.ethz.ch/objects/pdf03/z01_978-0-19-046449-3_01.pdf</subfield><subfield code="q">pdf</subfield></datafield><datafield ind1=" " ind2=" " tag="900"><subfield code="a">IDSZ2zbzmon201706f</subfield><subfield code="c">IDSZ2sage</subfield><subfield code="d">IDSZ2zbzswk201706b</subfield><subfield code="e">IDSZ2lomb</subfield></datafield><datafield ind1=" " ind2=" " tag="900"><subfield code="a">REROnoselfmerge</subfield></datafield><datafield ind1=" " ind2=" " tag="910"><subfield code="a">OCoLC</subfield><subfield code="b">20181018</subfield><subfield code="c">Réutilisation sous conditions: Licence ODC-BY</subfield></datafield><datafield ind1=" " ind2=" " tag="949"><subfield code="a">https://toc.library.ethz.ch/objects/pdf03/z01_978-0-19-046449-3_01.pdf</subfield></datafield></record>
</metadata></record>