<record><header><identifier>oai:alma.41SLSP_UGE:991000105979705502</identifier><datestamp>2023-06-27T00:15:24Z</datestamp><setSpec>uge_bcen_RapidILL_BOOK</setSpec><setSpec>uge_aaca_RapidILL_BOOK</setSpec><setSpec>uge_abels_RapidILL_BOOK</setSpec><setSpec>uge_dbu_RapidILL_BOOK</setSpec><setSpec>uge_cmu_RapidILL_BOOK</setSpec><setSpec>uge_mail_RapidILL_BOOK</setSpec><setSpec>uge_abbat_RapidILL_BOOK</setSpec><setSpec>UNIGE_ALL</setSpec><setSpec>uge_acar_RapidILL_BOOK</setSpec><setSpec>uge_aobs_RapidILL_BOOK</setSpec></header><metadata>
<record xmlns="http://www.loc.gov/MARC21/slim" xmlns:xsi="http://www.w3.org/2001/XMLSchema-instance" xsi:schemaLocation="http://www.loc.gov/MARC21/slim http://www.loc.gov/standards/marcxml/schema/MARC21slim.xsd"><leader>01398nam a2200325 c 4500</leader><controlfield tag="001">991000105979705502</controlfield><controlfield tag="005">20230625142108.0</controlfield><controlfield tag="008">981103s1997    gw ||||| |||| 00| ||ger d</controlfield><datafield ind1=" " ind2=" " tag="020"><subfield code="a">3411055820</subfield></datafield><datafield ind1=" " ind2=" " tag="035"><subfield code="a">(swissbib)093801122-41slsp_network</subfield></datafield><datafield ind1=" " ind2=" " tag="035"><subfield code="a">093801122</subfield><subfield code="9">ExL</subfield></datafield><datafield ind1=" " ind2=" " tag="035"><subfield code="a">(RERO)R238717960-41slsp</subfield></datafield><datafield ind1=" " ind2=" " tag="035"><subfield code="a">(EXLNZ-41SLSP_NETWORK)991097450549705501</subfield></datafield><datafield ind1=" " ind2=" " tag="040"><subfield code="a">RERO geueti</subfield><subfield code="d">CH-ZuSLS</subfield></datafield><datafield ind1=" " ind2="7" tag="072"><subfield code="a">al</subfield><subfield code="2">rero</subfield></datafield><datafield ind1="0" ind2="0" tag="245"><subfield code="a">Sprachtipps</subfield><subfield code="b">Hilfen für den sprachlichen Alltag</subfield><subfield code="c">bearb. von der Sprachberatungsstelle der Dudenredaktion</subfield></datafield><datafield ind1=" " ind2="1" tag="264"><subfield code="a">2., vollständig neu bearb. Aufl. / [Annette Klosa]</subfield></datafield><datafield ind1=" " ind2="1" tag="264"><subfield code="a">Mannheim</subfield><subfield code="a">Zürich [etc.]</subfield><subfield code="b">Dudenverl.</subfield><subfield code="c">1997</subfield></datafield><datafield ind1=" " ind2=" " tag="300"><subfield code="a">419 p.</subfield><subfield code="c">16 cm</subfield></datafield><datafield ind1=" " ind2=" " tag="336"><subfield code="b">txt</subfield><subfield code="2">rdacontent</subfield></datafield><datafield ind1=" " ind2=" " tag="337"><subfield code="b">n</subfield><subfield code="2">rdamedia</subfield></datafield><datafield ind1=" " ind2=" " tag="338"><subfield code="b">nc</subfield><subfield code="2">rdacarrier</subfield></datafield><datafield ind1="1" ind2=" " tag="490"><subfield code="a">Der kleine Duden</subfield><subfield code="v">2</subfield></datafield><datafield ind1=" " ind2=" " tag="500"><subfield code="a">La couv. porte: 1500 nützliche Hinweise für die Klärung rechtschreiblicher, grammatischer und stilistischer Zweifelsfragen</subfield></datafield><datafield ind1=" " ind2="7" tag="650"><subfield code="a">Allemand (langue)</subfield><subfield code="0">(IDREF)027789829</subfield><subfield code="2">idref</subfield></datafield><datafield ind1=" " ind2="7" tag="650"><subfield code="a">Usage</subfield><subfield code="0">(IDREF)027790762</subfield><subfield code="2">idref</subfield></datafield><datafield ind1=" " ind2="7" tag="650"><subfield code="a">Fautes de langage</subfield><subfield code="0">(IDREF)031474284</subfield><subfield code="2">idref</subfield></datafield><datafield ind1=" " ind2="7" tag="655"><subfield code="a">Dictionnaires</subfield><subfield code="2">idref</subfield><subfield code="0">(IDREF)027232050</subfield></datafield><datafield ind1="1" ind2=" " tag="700"><subfield code="a">Klosa-Kückelhaus, Annette</subfield><subfield code="d">1966-....</subfield><subfield code="0">(IDREF)034762310</subfield></datafield><datafield ind1="2" ind2=" " tag="710"><subfield code="a">Bibliographisches Institut (Mannheim)</subfield><subfield code="b">Dudenredaktion</subfield><subfield code="b">Sprachberatungsstelle</subfield><subfield code="0">(RERO)A003004452</subfield></datafield><datafield ind1=" " ind2="0" tag="830"><subfield code="a">&lt;&lt;Der&gt;&gt; kleine Duden</subfield><subfield code="v">2</subfield><subfield code="w">(RERO)R238711360-41slsp</subfield></datafield></record>
</metadata></record>