<record><header><identifier>oai:alma.41SLSP_UGE:991000106609705502</identifier><datestamp>2024-11-16T01:11:50Z</datestamp><setSpec>uge_bcen_RapidILL_BOOK</setSpec><setSpec>uge_aaca_RapidILL_BOOK</setSpec><setSpec>uge_abels_RapidILL_BOOK</setSpec><setSpec>uge_dbu_RapidILL_BOOK</setSpec><setSpec>uge_cmu_RapidILL_BOOK</setSpec><setSpec>uge_mail_RapidILL_BOOK</setSpec><setSpec>uge_abbat_RapidILL_BOOK</setSpec><setSpec>UNIGE_ALL</setSpec><setSpec>uge_acar_RapidILL_BOOK</setSpec><setSpec>uge_aobs_RapidILL_BOOK</setSpec></header><metadata>
<record xmlns="http://www.loc.gov/MARC21/slim" xmlns:xsi="http://www.w3.org/2001/XMLSchema-instance" xsi:schemaLocation="http://www.loc.gov/MARC21/slim http://www.loc.gov/standards/marcxml/schema/MARC21slim.xsd"><leader>03274nam a2200769 c 4500</leader><controlfield tag="001">991000106609705502</controlfield><controlfield tag="005">20241115152706.0</controlfield><controlfield tag="008">201011t20182018sz ||||| |||| 00| ||fre d</controlfield><datafield ind1=" " ind2=" " tag="020"><subfield code="a">3037975059</subfield></datafield><datafield ind1=" " ind2=" " tag="020"><subfield code="a">9783037975053</subfield><subfield code="c">: CHF 16.00 (freier Preis), CHF 11.00 (freier Sonderpreis: GSKMitgliederpreis)</subfield></datafield><datafield ind1="3" ind2=" " tag="024"><subfield code="a">9783037975053</subfield></datafield><datafield ind1=" " ind2=" " tag="035"><subfield code="a">(swissbib)229884970-41slsp_network</subfield></datafield><datafield ind1=" " ind2=" " tag="035"><subfield code="a">229884970</subfield><subfield code="9">ExL</subfield></datafield><datafield ind1=" " ind2=" " tag="035"><subfield code="a">(RERO)R008877805-41slsp</subfield></datafield><datafield ind1=" " ind2=" " tag="035"><subfield code="a">(IDSBB)007063850DSV01</subfield></datafield><datafield ind1=" " ind2=" " tag="035"><subfield code="a">(NEBIS)011341029EBI01</subfield></datafield><datafield ind1=" " ind2=" " tag="035"><subfield code="a">(SBT)000912543SBT01</subfield></datafield><datafield ind1=" " ind2=" " tag="035"><subfield code="a">(EXLNZ-41SLSP_NETWORK)991059688359705501</subfield></datafield><datafield ind1=" " ind2=" " tag="040"><subfield code="a">1145</subfield><subfield code="b">ger</subfield><subfield code="d">CH-ZuSLS</subfield></datafield><datafield ind1="1" ind2=" " tag="041"><subfield code="a">fre</subfield><subfield code="h">ger</subfield></datafield><datafield ind1=" " ind2=" " tag="044"><subfield code="a">sz</subfield><subfield code="c">ch-be</subfield></datafield><datafield ind1=" " ind2="7" tag="072"><subfield code="a">at</subfield><subfield code="2">rero</subfield></datafield><datafield ind1=" " ind2="7" tag="072"><subfield code="a">ba</subfield><subfield code="2">rero</subfield></datafield><datafield ind1="1" ind2=" " tag="080"><subfield code="a">7(494)</subfield></datafield><datafield ind1="1" ind2="4" tag="082"><subfield code="a">720</subfield><subfield code="2">15</subfield></datafield><datafield ind1="1" ind2=" " tag="100"><subfield code="6">880-01</subfield><subfield code="a">Schubiger, Benno</subfield><subfield code="d">1952-</subfield><subfield code="0">(DE-588)1051224071</subfield><subfield code="e">Verfasser</subfield><subfield code="4">aut</subfield></datafield><datafield ind1="1" ind2=" " tag="880"><subfield code="6">100-01</subfield><subfield code="a">Schubiger, Benno</subfield><subfield code="d">1952-....</subfield><subfield code="0">(IDREF)028434846</subfield><subfield code="4">cre</subfield></datafield><datafield ind1="1" ind2="0" tag="240"><subfield code="a">&lt;&lt;Das&gt;&gt; Sommerhaus Vigier in Solothurn</subfield></datafield><datafield ind1="1" ind2="0" tag="245"><subfield code="a">&lt;&lt;Le&gt;&gt; &quot;Sommerhaus&quot; Vigier à Soleure</subfield><subfield code="c">Benno Schubiger</subfield></datafield><datafield ind1=" " ind2="1" tag="264"><subfield code="a">Bern</subfield><subfield code="b">Gesellschaft f. Schweiz. Kunstgesch.</subfield><subfield code="c">[2018]</subfield></datafield><datafield ind1=" " ind2="4" tag="264"><subfield code="c">© 2018</subfield></datafield><datafield ind1=" " ind2=" " tag="300"><subfield code="a">52 pages</subfield><subfield code="b">illustrations, photographies</subfield><subfield code="e">21 cm</subfield></datafield><datafield ind1=" " ind2=" " tag="336"><subfield code="b">txt</subfield><subfield code="2">rdacontent</subfield></datafield><datafield ind1=" " ind2=" " tag="337"><subfield code="b">n</subfield><subfield code="2">rdamedia</subfield></datafield><datafield ind1=" " ind2=" " tag="338"><subfield code="b">nc</subfield><subfield code="2">rdacarrier</subfield></datafield><datafield ind1="1" ind2=" " tag="490"><subfield code="a">Schweizerische Kunstführer</subfield><subfield code="v">Série 104, no 1032</subfield></datafield><datafield ind1="1" ind2=" " tag="490"><subfield code="a">Guides d'art et d'histoire suisse SHAS</subfield><subfield code="v">n° 1032</subfield><subfield code="a">Série 104</subfield></datafield><datafield ind1="1" ind2=" " tag="490"><subfield code="a">Guides d'art et d'histoire de la Suisse</subfield><subfield code="v">Série 104, n°1032</subfield></datafield><datafield ind1=" " ind2="7" tag="648"><subfield code="a">Geschichte</subfield><subfield code="2">gnd</subfield></datafield><datafield ind1=" " ind2="7" tag="650"><subfield code="a">Tourelles</subfield><subfield code="0">(IDREF)05351761X</subfield><subfield code="2">idref</subfield></datafield><datafield ind1=" " ind2="7" tag="650"><subfield code="a">Jardins à la française</subfield><subfield code="0">(IDREF)027497380</subfield><subfield code="2">idref</subfield></datafield><datafield ind1=" " ind2="7" tag="650"><subfield code="a">Habitations</subfield><subfield code="0">(IDREF)027233448</subfield><subfield code="2">idref</subfield></datafield><datafield ind1=" " ind2="7" tag="650"><subfield code="a">Adelshaus</subfield><subfield code="0">(DE-588)4141396-9</subfield><subfield code="2">gnd</subfield></datafield><datafield ind1=" " ind2="7" tag="650"><subfield code="a">Architektur</subfield><subfield code="0">(DE-588)4002851-3</subfield><subfield code="2">gnd</subfield></datafield><datafield ind1=" " ind2="7" tag="650"><subfield code="a">Ausstattung</subfield><subfield code="0">(DE-588)4138356-4</subfield><subfield code="2">gnd</subfield></datafield><datafield ind1=" " ind2="7" tag="650"><subfield code="a">Gartenkunst</subfield><subfield code="0">(DE-588)4125179-9</subfield><subfield code="2">gnd</subfield></datafield><datafield ind1=" " ind2="7" tag="650"><subfield code="a">HISTOIRE DES BÂTIMENTS INDIVIDUELS</subfield><subfield code="9">fre</subfield><subfield code="0">(ETHUDK)000046656</subfield><subfield code="2">ethudk</subfield></datafield><datafield ind1=" " ind2="7" tag="650"><subfield code="a">RESTAURATION + RÉNOVATION + RÉHABILITATION (ARCHITECTURE)</subfield><subfield code="9">fre</subfield><subfield code="0">(ETHUDK)000035475</subfield><subfield code="2">ethudk</subfield></datafield><datafield ind1=" " ind2="7" tag="650"><subfield code="a">SOLEURE, VILLE ET DISTRICT (CANTON DE SOLEURE)</subfield><subfield code="9">fre</subfield><subfield code="0">(ETHUDK)000005457</subfield><subfield code="2">ethudk</subfield></datafield><datafield ind1=" " ind2="7" tag="651"><subfield code="a">Soleure (Suisse, ville) - Sommerhaus Vigier</subfield><subfield code="0">(RERO)A027753208</subfield><subfield code="2">rero</subfield></datafield><datafield ind1=" " ind2="7" tag="651"><subfield code="a">Sommerhaus Vigier</subfield><subfield code="g">Solothurn</subfield><subfield code="0">(DE-588)7669177-9</subfield><subfield code="2">gnd</subfield></datafield><datafield ind1=" " ind2="7" tag="651"><subfield code="a">Sommerhaus Vigier (Soletta)</subfield><subfield code="x">Guide artistiche</subfield><subfield code="2">sbt12</subfield></datafield><datafield ind1=" " ind2="7" tag="655"><subfield code="a">Guides touristiques et de visite</subfield><subfield code="0">(IDREF)027804720</subfield><subfield code="2">idref</subfield></datafield><datafield ind1=" " ind2="7" tag="655"><subfield code="a">Kunstführer</subfield><subfield code="2">gnd-content</subfield></datafield><datafield ind1=" " ind2=" " tag="691"><subfield code="e">10.2.1</subfield><subfield code="2">zbs-bib</subfield></datafield><datafield ind1=" " ind2=" " tag="691"><subfield code="e">11</subfield><subfield code="a">Vigier (Familie)</subfield><subfield code="2">zbs-bib</subfield></datafield><datafield ind1=" " ind2=" " tag="691"><subfield code="e">12</subfield><subfield code="a">Solothurn</subfield><subfield code="2">zbs-bib</subfield></datafield><datafield ind1="1" ind2=" " tag="700"><subfield code="a">Favre, Adeline</subfield><subfield code="e">Übersetzer</subfield><subfield code="4">trl</subfield></datafield><datafield ind1="1" ind2=" " tag="700"><subfield code="a">Biétry, Léo</subfield><subfield code="e">Übersetzer</subfield><subfield code="4">trl</subfield></datafield><datafield ind1="2" ind2=" " tag="710"><subfield code="a">Société d'histoire de l'art en Suisse</subfield><subfield code="0">(RERO)A000152009</subfield></datafield><datafield ind1=" " ind2=" " tag="830"><subfield code="a">Schweizerische Kunstführer</subfield><subfield code="v">1032</subfield><subfield code="w">(IDSBB)000033435DSV01</subfield></datafield><datafield ind1=" " ind2=" " tag="830"><subfield code="a">Guide di monumenti svizzeri</subfield><subfield code="v">1032</subfield><subfield code="w">(SBT)000000604SBT01</subfield></datafield><datafield ind1="4" ind2=" " tag="856"><subfield code="3">Inhaltsverzeichnis</subfield><subfield code="u">http://www.ub.unibas.ch/tox/IDSBB/007063850/PDF</subfield><subfield code="q">pdf</subfield></datafield><datafield ind1=" " ind2=" " tag="900"><subfield code="a">REROnoselfmerge</subfield></datafield><datafield ind1=" " ind2=" " tag="900"><subfield code="a">IDSE5E61ANH-2019</subfield></datafield><datafield ind1=" " ind2=" " tag="900"><subfield code="a">IDST9lobc-sagg201901</subfield></datafield><datafield ind1=" " ind2=" " tag="910"><subfield code="a">DNB</subfield><subfield code="b">20181214</subfield></datafield><datafield ind1=" " ind2=" " tag="949"><subfield code="a">http://www.ub.unibas.ch/tox/IDSBB/007063850/PDF</subfield></datafield></record>
</metadata></record>