<record><header><identifier>oai:alma.41SLSP_UGE:991000105989705502</identifier><datestamp>2023-05-03T00:23:41Z</datestamp><setSpec>uge_bcen_RapidILL_BOOK</setSpec><setSpec>uge_aaca_RapidILL_BOOK</setSpec><setSpec>uge_abels_RapidILL_BOOK</setSpec><setSpec>uge_dbu_RapidILL_BOOK</setSpec><setSpec>uge_cmu_RapidILL_BOOK</setSpec><setSpec>uge_mail_RapidILL_BOOK</setSpec><setSpec>uge_abbat_RapidILL_BOOK</setSpec><setSpec>UNIGE_ALL</setSpec><setSpec>uge_aobs_RapidILL_BOOK</setSpec><setSpec>uge_acar_RapidILL_BOOK</setSpec></header><metadata>
<record xmlns="http://www.loc.gov/MARC21/slim" xmlns:xsi="http://www.w3.org/2001/XMLSchema-instance" xsi:schemaLocation="http://www.loc.gov/MARC21/slim http://www.loc.gov/standards/marcxml/schema/MARC21slim.xsd"><leader>04813nam a2200853 c 4500</leader><controlfield tag="001">991000105989705502</controlfield><controlfield tag="005">20230502191322.0</controlfield><controlfield tag="008">201011s2018    xxk      |||| 000 0 eng|d</controlfield><datafield ind1=" " ind2=" " tag="020"><subfield code="a">1472463811</subfield></datafield><datafield ind1=" " ind2=" " tag="020"><subfield code="a">9781472463814</subfield><subfield code="q">alk. paper</subfield></datafield><datafield ind1=" " ind2=" " tag="020"><subfield code="z">9781315599670</subfield><subfield code="q">ebk</subfield></datafield><datafield ind1="7" ind2=" " tag="024"><subfield code="a">http://catalogue.bnf.fr/ark:/12148/cb45212750p</subfield><subfield code="2">uri</subfield></datafield><datafield ind1=" " ind2=" " tag="035"><subfield code="a">(swissbib)224871684-41slsp_network</subfield></datafield><datafield ind1=" " ind2=" " tag="035"><subfield code="a">224871684</subfield><subfield code="9">ExL</subfield></datafield><datafield ind1=" " ind2=" " tag="035"><subfield code="a">(NEBIS)010864405EBI01</subfield></datafield><datafield ind1=" " ind2=" " tag="035"><subfield code="a">(RERO)R008763747-41slsp</subfield></datafield><datafield ind1=" " ind2=" " tag="035"><subfield code="a">(IDSBB)006826304DSV01</subfield></datafield><datafield ind1=" " ind2=" " tag="035"><subfield code="a">(OCoLC)949987900</subfield></datafield><datafield ind1=" " ind2=" " tag="035"><subfield code="a">(EXLNZ-41SLSP_NETWORK)991097533889705501</subfield></datafield><datafield ind1=" " ind2=" " tag="040"><subfield code="a">YDXCP</subfield><subfield code="b">eng</subfield><subfield code="e">rda</subfield><subfield code="d">CH-ZuSLS</subfield></datafield><datafield ind1="1" ind2="0" tag="060"><subfield code="a">QZ 11 GA1</subfield></datafield><datafield ind1="0" ind2="0" tag="060"><subfield code="a">2018 D-350</subfield></datafield><datafield ind1=" " ind2="7" tag="072"><subfield code="a">zz</subfield><subfield code="2">rero</subfield></datafield><datafield ind1=" " ind2="7" tag="072"><subfield code="a">me</subfield><subfield code="2">rero</subfield></datafield><datafield ind1="0" ind2="0" tag="082"><subfield code="a">616.0709</subfield><subfield code="2">23</subfield></datafield><datafield ind1="0" ind2="0" tag="245"><subfield code="a">Pathology in practice</subfield><subfield code="b">diseases and dissections in early modern Europe</subfield><subfield code="c">edited by Silvia De Renzi, Marco Bresadola and Maria Conforti</subfield></datafield><datafield ind1=" " ind2="1" tag="264"><subfield code="a">London</subfield><subfield code="b">Routledge</subfield><subfield code="c">[2018]</subfield></datafield><datafield ind1=" " ind2=" " tag="300"><subfield code="a">236 Seiten</subfield><subfield code="b">Illustrationen</subfield></datafield><datafield ind1=" " ind2=" " tag="336"><subfield code="b">txt</subfield><subfield code="2">rdacontent</subfield></datafield><datafield ind1=" " ind2=" " tag="337"><subfield code="b">n</subfield><subfield code="2">rdamedia</subfield></datafield><datafield ind1=" " ind2=" " tag="338"><subfield code="b">nc</subfield><subfield code="2">rdacarrier</subfield></datafield><datafield ind1="0" ind2=" " tag="490"><subfield code="a">The history of medicine in context</subfield></datafield><datafield ind1=" " ind2=" " tag="504"><subfield code="a">Includes bibliographical references and index</subfield></datafield><datafield ind1="0" ind2=" " tag="505"><subfield code="a">Pathological dissections in early modern Europe : practice and knowledge / Silvia De Renzi, Marco Bresadola and Maria Conforti -- Humanist post-mortems : philology and therapy / Gionata Liboni -- Organising pathological knowledge : Théophile Bonet's sepulchretum and the making of a tradition / Massimo Rinaldi -- The problems of anatomia practica and how to solve them : pathological dissection around 1700 / Marco Bresadola -- Post-mortems, anatomical dissections and humoural pathology in the sixteenth and early seventeenth centuries / Michael Stolberg -- Seats and series : dissecting diseases in the seventeenth century / Silvia De Renzi -- Visible signs, invisible processes : explaining poison in the late seventeenth century / Maria Conforti -- Frederik Ruysch, surgical anatomy and the Amsterdam Republic of medicine / Rina Knoeff -- Pre- and post-mortem inquiries : assessing poisoning in the law courts of sixteenth-century Rome / Elisa Andretta -- Dissecting pain : patients, families and medical expertise in early modern Germany / Annemarie Kinzelbach -- Therapeutic post-mortems in and around eighteenth-century Geneva / Philip Rieder</subfield></datafield><datafield ind1=" " ind2="7" tag="648"><subfield code="a">Geschichte 1500-1800</subfield><subfield code="2">gnd</subfield></datafield><datafield ind1=" " ind2="2" tag="650"><subfield code="a">Autopsy</subfield><subfield code="x">history</subfield><subfield code="0">https://id.nlm.nih.gov/mesh/D001344Q000266</subfield></datafield><datafield ind1=" " ind2="2" tag="650"><subfield code="a">Dissection</subfield><subfield code="x">history</subfield><subfield code="0">https://id.nlm.nih.gov/mesh/D004210Q000266</subfield></datafield><datafield ind1=" " ind2="2" tag="650"><subfield code="a">Diagnostic Techniques and Procedures</subfield><subfield code="x">history</subfield><subfield code="0">https://id.nlm.nih.gov/mesh/D019937Q000266</subfield></datafield><datafield ind1=" " ind2="2" tag="650"><subfield code="a">History of Medicine</subfield><subfield code="0">https://id.nlm.nih.gov/mesh/D006666</subfield></datafield><datafield ind1=" " ind2="2" tag="650"><subfield code="a">History, 16th Century</subfield><subfield code="0">https://id.nlm.nih.gov/mesh/D049669</subfield></datafield><datafield ind1=" " ind2="2" tag="650"><subfield code="a">History, 17th Century</subfield><subfield code="0">https://id.nlm.nih.gov/mesh/D049670</subfield></datafield><datafield ind1=" " ind2="2" tag="650"><subfield code="a">History, 18th Century</subfield><subfield code="0">https://id.nlm.nih.gov/mesh/D049671</subfield></datafield><datafield ind1=" " ind2="2" tag="650"><subfield code="a">Pathology</subfield><subfield code="x">history</subfield><subfield code="0">https://id.nlm.nih.gov/mesh/D010336Q000266</subfield></datafield><datafield ind1=" " ind2="7" tag="650"><subfield code="a">Pathologie</subfield><subfield code="0">(IDREF)027245896</subfield><subfield code="2">idref</subfield></datafield><datafield ind1=" " ind2="7" tag="650"><subfield code="a">16e siècle-18e siècle</subfield><subfield code="2">idref</subfield></datafield><datafield ind1=" " ind2="7" tag="650"><subfield code="a">Diagnostik</subfield><subfield code="0">(DE-588)4113303-1</subfield><subfield code="2">gnd</subfield></datafield><datafield ind1=" " ind2="7" tag="650"><subfield code="a">Krankheit</subfield><subfield code="0">(DE-588)4032844-2</subfield><subfield code="2">gnd</subfield></datafield><datafield ind1=" " ind2="7" tag="650"><subfield code="a">Pathologie</subfield><subfield code="0">(DE-588)4044893-9</subfield><subfield code="2">gnd</subfield></datafield><datafield ind1=" " ind2="0" tag="650"><subfield code="a">Autopsy</subfield><subfield code="z">Europe</subfield><subfield code="x">History</subfield></datafield><datafield ind1=" " ind2="0" tag="650"><subfield code="a">Dissection</subfield><subfield code="x">History</subfield></datafield><datafield ind1=" " ind2="0" tag="650"><subfield code="a">Human dissection</subfield><subfield code="z">Europe</subfield><subfield code="x">History</subfield></datafield><datafield ind1=" " ind2="0" tag="650"><subfield code="a">Pathology</subfield><subfield code="z">Europe</subfield><subfield code="x">History</subfield></datafield><datafield ind1=" " ind2="0" tag="650"><subfield code="a">Pathology</subfield><subfield code="x">History</subfield></datafield><datafield ind1=" " ind2="2" tag="650"><subfield code="a">Autopsy</subfield><subfield code="x">history</subfield><subfield code="0">(DNLM)D001344Q000266</subfield></datafield><datafield ind1=" " ind2="2" tag="650"><subfield code="a">Diagnostic Techniques and Procedures</subfield><subfield code="x">history</subfield><subfield code="0">(DNLM)D019937Q000266</subfield></datafield><datafield ind1=" " ind2="2" tag="650"><subfield code="a">Dissection</subfield><subfield code="x">history</subfield><subfield code="0">(DNLM)D004210Q000266</subfield></datafield><datafield ind1=" " ind2="2" tag="650"><subfield code="a">History, 16th Century</subfield><subfield code="0">(DNLM)D049669</subfield></datafield><datafield ind1=" " ind2="2" tag="650"><subfield code="a">History, 17th Century</subfield><subfield code="0">(DNLM)D049670</subfield></datafield><datafield ind1=" " ind2="2" tag="650"><subfield code="a">History, 18th Century</subfield><subfield code="0">(DNLM)D049671</subfield></datafield><datafield ind1=" " ind2="2" tag="650"><subfield code="a">History of Medicine</subfield><subfield code="0">(DNLM)D006666</subfield></datafield><datafield ind1=" " ind2="2" tag="650"><subfield code="a">Pathology</subfield><subfield code="x">history</subfield><subfield code="0">(DNLM)D010336Q000266</subfield></datafield><datafield ind1=" " ind2="2" tag="651"><subfield code="a">Europe</subfield><subfield code="0">https://id.nlm.nih.gov/mesh/D005060</subfield></datafield><datafield ind1=" " ind2="7" tag="651"><subfield code="a">Europa</subfield><subfield code="0">(DE-588)4015701-5</subfield><subfield code="2">gnd</subfield></datafield><datafield ind1=" " ind2="2" tag="651"><subfield code="a">Europe</subfield><subfield code="0">(DNLM)D005060</subfield></datafield><datafield ind1=" " ind2="7" tag="655"><subfield code="a">Aufsatzsammlung</subfield><subfield code="2">gnd-content</subfield></datafield><datafield ind1="1" ind2=" " tag="700"><subfield code="a">De Renzi, Silvia</subfield><subfield code="0">(DE-588)1036487601</subfield><subfield code="e">Herausgeber</subfield><subfield code="4">edt</subfield><subfield code="6">880-02</subfield></datafield><datafield ind1="1" ind2=" " tag="880"><subfield code="6">700-02</subfield><subfield code="a">De Renzi, Silvia</subfield><subfield code="d">19..-....</subfield><subfield code="0">(IDREF)095088903</subfield></datafield><datafield ind1="1" ind2=" " tag="700"><subfield code="a">Bresadola, Marco</subfield><subfield code="0">(DE-588)173790135</subfield><subfield code="e">Herausgeber</subfield><subfield code="4">edt</subfield><subfield code="6">880-03</subfield></datafield><datafield ind1="1" ind2=" " tag="880"><subfield code="6">700-03</subfield><subfield code="a">Bresadola, Marco</subfield><subfield code="0">(IDREF)098502611</subfield></datafield><datafield ind1="1" ind2=" " tag="700"><subfield code="a">Conforti, Maria</subfield><subfield code="d">1961-</subfield><subfield code="0">(DE-588)141139986</subfield><subfield code="e">Herausgeber</subfield><subfield code="4">edt</subfield><subfield code="6">880-04</subfield></datafield><datafield ind1="1" ind2=" " tag="880"><subfield code="6">700-04</subfield><subfield code="a">Conforti, Maria</subfield><subfield code="0">(IDREF)129244449</subfield></datafield><datafield ind1="4" ind2=" " tag="856"><subfield code="3">Titelblatt und Inhaltsverzeichnis</subfield><subfield code="u">https://toc.library.ethz.ch/objects/pdf03/UMBC_1-4724-6381-1_01.pdf</subfield><subfield code="q">pdf</subfield></datafield><datafield ind1=" " ind2=" " tag="900"><subfield code="a">REROnoselfmerge</subfield></datafield><datafield ind1=" " ind2=" " tag="910"><subfield code="a">NLM</subfield><subfield code="b">20180212</subfield></datafield><datafield ind1=" " ind2=" " tag="949"><subfield code="a">https://toc.library.ethz.ch/objects/pdf03/UMBC_1-4724-6381-1_01.pdf</subfield></datafield></record>
</metadata></record>