<record><header><identifier>oai:alma.41SLSP_UGE:991000105889705502</identifier><datestamp>2023-11-24T01:26:56Z</datestamp><setSpec>uge_bcen_RapidILL_BOOK</setSpec><setSpec>uge_aaca_RapidILL_BOOK</setSpec><setSpec>uge_abels_RapidILL_BOOK</setSpec><setSpec>uge_dbu_RapidILL_BOOK</setSpec><setSpec>uge_cmu_RapidILL_BOOK</setSpec><setSpec>uge_mail_RapidILL_BOOK</setSpec><setSpec>uge_abbat_RapidILL_BOOK</setSpec><setSpec>UNIGE_ALL</setSpec><setSpec>uge_aobs_RapidILL_BOOK</setSpec><setSpec>uge_acar_RapidILL_BOOK</setSpec></header><metadata>
<record xmlns="http://www.loc.gov/MARC21/slim" xmlns:xsi="http://www.w3.org/2001/XMLSchema-instance" xsi:schemaLocation="http://www.loc.gov/MARC21/slim http://www.loc.gov/standards/marcxml/schema/MARC21slim.xsd"><leader>02096nam a2200553 c 4500</leader><controlfield tag="001">991000105889705502</controlfield><controlfield tag="005">20230629195358.0</controlfield><controlfield tag="008">201012t19931993sz ||||| |||| 00| ||fre d</controlfield><datafield ind1=" " ind2=" " tag="020"><subfield code="a">2881460631</subfield></datafield><datafield ind1=" " ind2=" " tag="035"><subfield code="a">(swissbib)241896509-41slsp_network</subfield></datafield><datafield ind1=" " ind2=" " tag="035"><subfield code="a">241896509</subfield><subfield code="9">ExL</subfield></datafield><datafield ind1=" " ind2=" " tag="035"><subfield code="a">(RERO)1790636-41slsp</subfield></datafield><datafield ind1=" " ind2=" " tag="035"><subfield code="a">(IDSBB)000964882DSV01</subfield></datafield><datafield ind1=" " ind2=" " tag="035"><subfield code="a">(NEBIS)000954090EBI01</subfield></datafield><datafield ind1=" " ind2=" " tag="035"><subfield code="a">(ALEX)bv01097334</subfield></datafield><datafield ind1=" " ind2=" " tag="035"><subfield code="a">(EXLNZ-41SLSP_NETWORK)991045160589705501</subfield></datafield><datafield ind1=" " ind2=" " tag="040"><subfield code="a">RERO labcur</subfield><subfield code="d">CH-ZuSLS</subfield></datafield><datafield ind1=" " ind2=" " tag="044"><subfield code="a">sz</subfield><subfield code="c">ch-vd</subfield></datafield><datafield ind1=" " ind2="7" tag="072"><subfield code="a">so</subfield><subfield code="2">rero</subfield></datafield><datafield ind1=" " ind2="7" tag="072"><subfield code="a">ss</subfield><subfield code="2">rero</subfield></datafield><datafield ind1="0" ind2="4" tag="082"><subfield code="a">344.49402</subfield></datafield><datafield ind1=" " ind2=" " tag="084"><subfield code="a">A 57 g</subfield><subfield code="2">cjurrom</subfield></datafield><datafield ind1="1" ind2=" " tag="100"><subfield code="a">Perrin, Guy</subfield><subfield code="d">1926-1992</subfield><subfield code="0">(RERO)A003683608</subfield><subfield code="4">cre</subfield></datafield><datafield ind1="1" ind2="0" tag="245"><subfield code="a">Sécurité sociale</subfield><subfield code="c">Guy Perrin</subfield></datafield><datafield ind1=" " ind2="1" tag="264"><subfield code="a">Lausanne</subfield><subfield code="b">Réalités sociales</subfield><subfield code="c">[1993]</subfield></datafield><datafield ind1=" " ind2="3" tag="264"><subfield code="a">Fribourg</subfield><subfield code="b">Albert le Grand [diff.]</subfield></datafield><datafield ind1=" " ind2="4" tag="264"><subfield code="c">© 1993</subfield></datafield><datafield ind1=" " ind2=" " tag="300"><subfield code="a">219 p.</subfield><subfield code="c">24 cm</subfield></datafield><datafield ind1=" " ind2=" " tag="336"><subfield code="b">txt</subfield><subfield code="2">rdacontent</subfield></datafield><datafield ind1=" " ind2=" " tag="337"><subfield code="b">n</subfield><subfield code="2">rdamedia</subfield></datafield><datafield ind1=" " ind2=" " tag="338"><subfield code="b">nc</subfield><subfield code="2">rdacarrier</subfield></datafield><datafield ind1="1" ind2=" " tag="490"><subfield code="a">Travail social</subfield></datafield><datafield ind1=" " ind2="7" tag="650"><subfield code="a">soziale Sicherheit</subfield><subfield code="9">ger</subfield><subfield code="0">(RERO)jurivoc000020493ger</subfield><subfield code="2">jurivoc</subfield></datafield><datafield ind1=" " ind2="7" tag="650"><subfield code="a">Sozialversicherung</subfield><subfield code="9">ger</subfield><subfield code="0">(RERO)jurivoc000020527ger</subfield><subfield code="2">jurivoc</subfield></datafield><datafield ind1=" " ind2="7" tag="650"><subfield code="a">Rechtsgeschichte</subfield><subfield code="9">ger</subfield><subfield code="0">(RERO)jurivoc000018353ger</subfield><subfield code="2">jurivoc</subfield></datafield><datafield ind1=" " ind2="7" tag="650"><subfield code="a">Sozialpolitik</subfield><subfield code="9">ger</subfield><subfield code="0">(RERO)jurivoc000020519ger</subfield><subfield code="2">jurivoc</subfield></datafield><datafield ind1=" " ind2="7" tag="650"><subfield code="a">Sécurité sociale</subfield><subfield code="0">(IDREF)027263177</subfield><subfield code="2">idref</subfield></datafield><datafield ind1=" " ind2="7" tag="650"><subfield code="a">Soziale Sicherheit</subfield><subfield code="z">Schweiz</subfield><subfield code="2">idsbb</subfield></datafield><datafield ind1=" " ind2="7" tag="650"><subfield code="a">Sozialpolitik</subfield><subfield code="z">Schweiz</subfield><subfield code="2">idsbb</subfield></datafield><datafield ind1=" " ind2="7" tag="650"><subfield code="a">Soziale Sicherheit</subfield><subfield code="2">idszbz</subfield></datafield><datafield ind1=" " ind2="0" tag="650"><subfield code="a">Social security</subfield><subfield code="x">History</subfield></datafield><datafield ind1=" " ind2="0" tag="650"><subfield code="a">Social security</subfield><subfield code="x">Philosophy</subfield></datafield><datafield ind1=" " ind2="7" tag="650"><subfield code="a">SOZIALE SICHERHEIT</subfield><subfield code="9">ger</subfield><subfield code="0">(ETHUDK)000038547</subfield><subfield code="2">ethudk</subfield></datafield><datafield ind1=" " ind2="7" tag="650"><subfield code="a">SOZIALVERSICHERUNG (VERSICHERUNGSWESEN)</subfield><subfield code="9">ger</subfield><subfield code="0">(ETHUDK)000011966</subfield><subfield code="2">ethudk</subfield></datafield><datafield ind1=" " ind2="7" tag="650"><subfield code="a">WOHLFAHRTSSTAAT + SOZIALSTAAT (STAATSRECHT)</subfield><subfield code="9">ger</subfield><subfield code="0">(ETHUDK)000038221</subfield><subfield code="2">ethudk</subfield></datafield><datafield ind1=" " ind2="7" tag="651"><subfield code="a">Schweiz</subfield><subfield code="9">ger</subfield><subfield code="0">(RERO)jurivoc000019912ger</subfield><subfield code="2">jurivoc</subfield></datafield><datafield ind1=" " ind2="7" tag="655"><subfield code="a">[Études diverses]</subfield><subfield code="0">(RERO)A022249905</subfield><subfield code="2">rero</subfield></datafield><datafield ind1=" " ind2="7" tag="655"><subfield code="a">Aufsatzsammlung</subfield><subfield code="2">idszbz</subfield></datafield><datafield ind1=" " ind2="0" tag="830"><subfield code="a">Travail social</subfield><subfield code="p">Réalités sociales</subfield><subfield code="w">(RERO)0404291-41slsp</subfield></datafield><datafield ind1=" " ind2="0" tag="830"><subfield code="a">Travail social</subfield><subfield code="w">(IDSBB)000446508DSV01</subfield></datafield><datafield ind1=" " ind2=" " tag="900"><subfield code="a">IDSZ2rwimon200912l</subfield><subfield code="c">IDSZ2biss</subfield></datafield></record>
</metadata></record>