<record><header><identifier>oai:alma.41SLSP_UGE:991000106199705502</identifier><datestamp>2023-03-01T01:10:27Z</datestamp><setSpec>uge_bcen_RapidILL_BOOK</setSpec><setSpec>uge_aaca_RapidILL_BOOK</setSpec><setSpec>uge_abels_RapidILL_BOOK</setSpec><setSpec>uge_dbu_RapidILL_BOOK</setSpec><setSpec>uge_cmu_RapidILL_BOOK</setSpec><setSpec>uge_mail_RapidILL_BOOK</setSpec><setSpec>UNIGE_ALL</setSpec><setSpec>uge_abbat_RapidILL_BOOK</setSpec><setSpec>uge_aobs_RapidILL_BOOK</setSpec><setSpec>uge_acar_RapidILL_BOOK</setSpec></header><metadata>
<record xmlns="http://www.loc.gov/MARC21/slim" xmlns:xsi="http://www.w3.org/2001/XMLSchema-instance" xsi:schemaLocation="http://www.loc.gov/MARC21/slim http://www.loc.gov/standards/marcxml/schema/MARC21slim.xsd"><leader>02730nam a2200709 c 4500</leader><controlfield tag="001">991000106199705502</controlfield><controlfield tag="005">20230204205220.0</controlfield><controlfield tag="008">201011s2000    xxu||||| |||| 00| ||eng d</controlfield><datafield ind1=" " ind2=" " tag="010"><subfield code="a">00055682</subfield></datafield><datafield ind1=" " ind2=" " tag="015"><subfield code="a">GBA1-Z5798</subfield></datafield><datafield ind1="7" ind2=" " tag="016"><subfield code="a">0312234023</subfield><subfield code="2">Uk</subfield></datafield><datafield ind1=" " ind2=" " tag="020"><subfield code="a">0312234023</subfield></datafield><datafield ind1="7" ind2=" " tag="024"><subfield code="a">http://catalogue.bnf.fr/ark:/12148/cb388109743</subfield><subfield code="2">uri</subfield></datafield><datafield ind1=" " ind2=" " tag="035"><subfield code="a">(swissbib)216797365-41slsp_network</subfield></datafield><datafield ind1=" " ind2=" " tag="035"><subfield code="a">216797365</subfield><subfield code="9">ExL</subfield></datafield><datafield ind1=" " ind2=" " tag="035"><subfield code="a">(RERO)R003310941-41slsp</subfield></datafield><datafield ind1=" " ind2=" " tag="035"><subfield code="a">(IDSBB)002274929DSV01</subfield></datafield><datafield ind1=" " ind2=" " tag="035"><subfield code="a">(NEBIS)004333374EBI01</subfield></datafield><datafield ind1=" " ind2=" " tag="035"><subfield code="a">(EXLNZ-41SLSP_NETWORK)991152442109705501</subfield></datafield><datafield ind1=" " ind2=" " tag="040"><subfield code="a">RERO labcud</subfield><subfield code="d">CH-ZuSLS</subfield></datafield><datafield ind1=" " ind2=" " tag="050"><subfield code="a">PS3563.O8749</subfield><subfield code="b">Z616 2000</subfield></datafield><datafield ind1=" " ind2="7" tag="072"><subfield code="a">an</subfield><subfield code="2">rero</subfield></datafield><datafield ind1=" " ind2="7" tag="072"><subfield code="a">le</subfield><subfield code="2">SzZuIDS BS/BE</subfield></datafield><datafield ind1="0" ind2="0" tag="082"><subfield code="a">813/.54</subfield><subfield code="2">21</subfield></datafield><datafield ind1="0" ind2="4" tag="082"><subfield code="a">813 .54</subfield><subfield code="2">21</subfield></datafield><datafield ind1="1" ind2="4" tag="082"><subfield code="a">813.54</subfield><subfield code="2">22</subfield></datafield><datafield ind1=" " ind2=" " tag="084"><subfield code="a">HU 4570</subfield><subfield code="2">rvk</subfield></datafield><datafield ind1="1" ind2=" " tag="100"><subfield code="a">Duvall, John N.</subfield><subfield code="d">1956-....</subfield><subfield code="0">(IDREF)031183816</subfield><subfield code="4">cre</subfield></datafield><datafield ind1="1" ind2="0" tag="245"><subfield code="a">&lt;&lt;The&gt;&gt; identifying fictions of Toni Morrison</subfield><subfield code="b">modernist authenticity and postmodern Blackness</subfield><subfield code="c">John N. Duvall</subfield></datafield><datafield ind1=" " ind2="1" tag="264"><subfield code="a">New York</subfield><subfield code="b">Palgrave</subfield><subfield code="c">2000</subfield></datafield><datafield ind1=" " ind2=" " tag="300"><subfield code="a">X, 182 p.</subfield><subfield code="c">22 cm</subfield></datafield><datafield ind1=" " ind2=" " tag="336"><subfield code="b">txt</subfield><subfield code="2">rdacontent</subfield></datafield><datafield ind1=" " ind2=" " tag="337"><subfield code="b">n</subfield><subfield code="2">rdamedia</subfield></datafield><datafield ind1=" " ind2=" " tag="338"><subfield code="b">nc</subfield><subfield code="2">rdacarrier</subfield></datafield><datafield ind1="1" ind2="7" tag="600"><subfield code="a">Morrison, Toni</subfield><subfield code="d">1931-2019</subfield><subfield code="0">(IDREF)029364361</subfield><subfield code="2">idref</subfield></datafield><datafield ind1="1" ind2="7" tag="600"><subfield code="a">Morrison, Toni</subfield><subfield code="2">idsbb</subfield></datafield><datafield ind1="1" ind2="0" tag="600"><subfield code="a">Morrison, Toni</subfield><subfield code="x">Criticism and interpretation</subfield></datafield><datafield ind1="1" ind2="7" tag="600"><subfield code="a">Morrison, Toni</subfield><subfield code="d">1931-2019</subfield><subfield code="0">(DE-588)118911627</subfield><subfield code="2">gnd</subfield></datafield><datafield ind1="1" ind2="0" tag="600"><subfield code="a">Morrison, Toni</subfield></datafield><datafield ind1="1" ind2="7" tag="600"><subfield code="a">Morrison, Toni</subfield><subfield code="d">1931-</subfield><subfield code="x">Criticism and interpretation</subfield><subfield code="2">idszbzna</subfield></datafield><datafield ind1=" " ind2="7" tag="650"><subfield code="a">Roman</subfield><subfield code="0">(IDREF)027342204</subfield><subfield code="2">idref</subfield></datafield><datafield ind1=" " ind2="0" tag="650"><subfield code="a">Identity (Psychology) in literature</subfield></datafield><datafield ind1=" " ind2="7" tag="650"><subfield code="a">Afro-Americans in literature</subfield><subfield code="2">idszbzna</subfield></datafield><datafield ind1=" " ind2="7" tag="650"><subfield code="a">Race in literature</subfield><subfield code="2">idszbzna</subfield></datafield><datafield ind1=" " ind2="7" tag="650"><subfield code="a">Modernism (Literature)</subfield><subfield code="z">United States</subfield><subfield code="2">idszbzna</subfield></datafield><datafield ind1=" " ind2="7" tag="650"><subfield code="a">Women and literature</subfield><subfield code="x">History</subfield><subfield code="z">United States</subfield><subfield code="y">20th century</subfield><subfield code="2">idszbzna</subfield></datafield><datafield ind1=" " ind2="7" tag="650"><subfield code="a">Postmodernism (Literature)</subfield><subfield code="z">United States</subfield><subfield code="2">idszbzna</subfield></datafield><datafield ind1=" " ind2="7" tag="650"><subfield code="a">Identitätsfindung</subfield><subfield code="0">(DE-588)4123409-1</subfield><subfield code="2">gnd</subfield></datafield><datafield ind1=" " ind2="7" tag="650"><subfield code="a">Literaturproduktion</subfield><subfield code="0">(DE-588)4167882-5</subfield><subfield code="2">gnd</subfield></datafield><datafield ind1=" " ind2="7" tag="650"><subfield code="a">Roman</subfield><subfield code="0">(DE-588)4050479-7</subfield><subfield code="2">gnd</subfield></datafield><datafield ind1=" " ind2="0" tag="650"><subfield code="a">African Americans in literature</subfield></datafield><datafield ind1=" " ind2="0" tag="650"><subfield code="a">African American women in literature</subfield></datafield><datafield ind1=" " ind2="0" tag="650"><subfield code="a">Identity (Philosophical concept)</subfield></datafield><datafield ind1=" " ind2="7" tag="650"><subfield code="a">Afro-American women in literature</subfield><subfield code="2">idszbzna</subfield></datafield><datafield ind1=" " ind2="0" tag="650"><subfield code="a">Modernism (Literature)</subfield><subfield code="z">United States</subfield></datafield><datafield ind1=" " ind2="0" tag="650"><subfield code="a">Postmodernism (Literature)</subfield><subfield code="z">United States</subfield></datafield><datafield ind1=" " ind2="0" tag="650"><subfield code="a">Race in literature</subfield></datafield><datafield ind1=" " ind2="0" tag="650"><subfield code="a">Women and literature</subfield><subfield code="z">United States</subfield><subfield code="x">History</subfield><subfield code="y">20th century</subfield></datafield><datafield ind1="1" ind2=" " tag="700"><subfield code="a">Duvall, John N.</subfield><subfield code="d">1956-</subfield><subfield code="0">(DE-588)136245455</subfield></datafield><datafield ind1="1" ind2=" " tag="700"><subfield code="a">Duvall, John N.</subfield><subfield code="q">John Noel</subfield></datafield><datafield ind1=" " ind2=" " tag="900"><subfield code="a">REROnoselfmerge</subfield></datafield><datafield ind1=" " ind2=" " tag="900"><subfield code="a">IDSZ2zbzmon200209f</subfield><subfield code="c">IDSZ2klau</subfield><subfield code="d">IDSZ2nabswk200209b</subfield><subfield code="e">IDSZ2mahe</subfield></datafield><datafield ind1=" " ind2=" " tag="911"><subfield code="a">1 $aDuvall, John N.,$d1956-</subfield></datafield></record>
</metadata></record>