<record><header><identifier>oai:alma.41SLSP_UGE:991000106099705502</identifier><datestamp>2023-11-10T05:46:09Z</datestamp><setSpec>uge_bcen_RapidILL_BOOK</setSpec><setSpec>uge_aaca_RapidILL_BOOK</setSpec><setSpec>uge_abels_RapidILL_BOOK</setSpec><setSpec>uge_dbu_RapidILL_BOOK</setSpec><setSpec>uge_cmu_RapidILL_BOOK</setSpec><setSpec>uge_mail_RapidILL_BOOK</setSpec><setSpec>uge_abbat_RapidILL_BOOK</setSpec><setSpec>UNIGE_ALL</setSpec><setSpec>uge_acar_RapidILL_BOOK</setSpec><setSpec>uge_aobs_RapidILL_BOOK</setSpec></header><metadata>
<record xmlns="http://www.loc.gov/MARC21/slim" xmlns:xsi="http://www.w3.org/2001/XMLSchema-instance" xsi:schemaLocation="http://www.loc.gov/MARC21/slim http://www.loc.gov/standards/marcxml/schema/MARC21slim.xsd"><leader>02152nam a2200409 c 4500</leader><controlfield tag="001">991000106099705502</controlfield><controlfield tag="005">20231107123206.0</controlfield><controlfield tag="008">191118s2018    xxuab    b    001 0 eng d</controlfield><datafield ind1=" " ind2=" " tag="020"><subfield code="a">9781631491177</subfield><subfield code="q">hardcover</subfield></datafield><datafield ind1=" " ind2=" " tag="035"><subfield code="a">(swissbib)12610462X-41slsp_network</subfield></datafield><datafield ind1=" " ind2=" " tag="035"><subfield code="a">12610462X</subfield><subfield code="9">ExL</subfield></datafield><datafield ind1=" " ind2=" " tag="035"><subfield code="a">(RERO)R008987138-41slsp</subfield></datafield><datafield ind1=" " ind2=" " tag="035"><subfield code="a">(EXLNZ-41SLSP_NETWORK)991039345219705501</subfield></datafield><datafield ind1=" " ind2=" " tag="040"><subfield code="a">IEN/DLC</subfield><subfield code="b">eng</subfield><subfield code="e">rda</subfield><subfield code="d">CH-ZuSLS</subfield></datafield><datafield ind1="0" ind2="0" tag="050"><subfield code="a">DT1974</subfield><subfield code="b">.M343 2018</subfield></datafield><datafield ind1=" " ind2="7" tag="072"><subfield code="a">an</subfield><subfield code="2">rero</subfield></datafield><datafield ind1="0" ind2="4" tag="082"><subfield code="a">968.06092</subfield><subfield code="2">23</subfield></datafield><datafield ind1="1" ind2=" " tag="100"><subfield code="a">Mandela, Nelson</subfield><subfield code="d">1918-2013</subfield><subfield code="0">(IDREF)028570804</subfield><subfield code="4">aut</subfield></datafield><datafield ind1="1" ind2="0" tag="245"><subfield code="a">&lt;&lt;The&gt;&gt; prison letters of Nelson Mandela</subfield><subfield code="c">edited by Sahm Venter ; foreword by Zamaswazi Dlamini-Mandela</subfield></datafield><datafield ind1=" " ind2="1" tag="264"><subfield code="a">New York</subfield><subfield code="b">Liveright Publishing Corporation, A Division of W. W. Norton &amp; Company</subfield><subfield code="c">[2018]</subfield></datafield><datafield ind1=" " ind2="4" tag="264"><subfield code="c">© 2018</subfield></datafield><datafield ind1=" " ind2=" " tag="300"><subfield code="a">xv, 620 pages, 8 unnumbered pages of plates</subfield><subfield code="b">illustrations (some color), map</subfield><subfield code="c">25 cm</subfield></datafield><datafield ind1=" " ind2=" " tag="336"><subfield code="b">txt</subfield><subfield code="2">rdacontent</subfield></datafield><datafield ind1=" " ind2=" " tag="337"><subfield code="b">n</subfield><subfield code="2">rdamedia</subfield></datafield><datafield ind1=" " ind2=" " tag="338"><subfield code="b">nc</subfield><subfield code="2">rdacarrier</subfield></datafield><datafield ind1=" " ind2=" " tag="504"><subfield code="a">Includes bibliographical references and index</subfield></datafield><datafield ind1="0" ind2=" " tag="505"><subfield code="a">Foreword / Zamaswazi Dlamini-Mandela -- Introduction -- A note on the letters -- Nelson Mandela's prison numbers -- Pretoria Local Prison, November 1962/May 1963 -- Robben Island Maximum Security Prison, May 1963/June 1963 -- Robben Island Maximum Security Prison, June 1964/March 1982 -- Pollsmoor Maximum Security Prison, March 1982/August 1988 -- Tygerberg Hospital &amp; Constantiaberg Mediclinic, August/December 1988 -- Victor Verster Prison, December 1988/February 1990 -- Supplementary information</subfield></datafield><datafield ind1="1" ind2="0" tag="600"><subfield code="a">Mandela, Nelson</subfield><subfield code="d">1918-2013</subfield><subfield code="v">Correspondence</subfield></datafield><datafield ind1="1" ind2="0" tag="600"><subfield code="a">Mandela, Nelson</subfield><subfield code="d">1918-2013</subfield><subfield code="x">Imprisonment</subfield></datafield><datafield ind1=" " ind2="0" tag="650"><subfield code="a">Anti-apartheid movements</subfield><subfield code="z">South Africa</subfield></datafield><datafield ind1=" " ind2="0" tag="650"><subfield code="a">Government, Resistance to</subfield><subfield code="z">South Africa</subfield></datafield><datafield ind1=" " ind2="0" tag="650"><subfield code="a">Political prisoners</subfield><subfield code="z">South Africa</subfield><subfield code="v">Correspondence</subfield></datafield><datafield ind1=" " ind2="0" tag="651"><subfield code="a">South Africa</subfield><subfield code="x">Politics and government</subfield><subfield code="y">20th century</subfield></datafield><datafield ind1=" " ind2="7" tag="655"><subfield code="a">Correspondance</subfield><subfield code="0">(IDREF)027490122</subfield><subfield code="2">idref</subfield></datafield><datafield ind1="1" ind2=" " tag="700"><subfield code="a">Dlamini-Mandela, Zamaswazi</subfield><subfield code="d">1979-....</subfield><subfield code="0">(IDREF)229926363</subfield><subfield code="4">aui</subfield></datafield><datafield ind1="1" ind2=" " tag="700"><subfield code="a">Venter, Sahm</subfield><subfield code="0">(IDREF)157864340</subfield><subfield code="4">edt</subfield></datafield><datafield ind1=" " ind2=" " tag="900"><subfield code="a">REROnoselfmerge</subfield></datafield><datafield ind1=" " ind2=" " tag="910"><subfield code="a">LOC</subfield><subfield code="b">20191118</subfield><subfield code="c">Réutilisation sous conditions</subfield></datafield></record>
</metadata></record>