<record><header><identifier>oai:alma.41SLSP_UGE:991000106619705502</identifier><datestamp>2023-06-03T00:16:29Z</datestamp><setSpec>UNIGE_ALL</setSpec></header><metadata>
<record xmlns="http://www.loc.gov/MARC21/slim" xmlns:xsi="http://www.w3.org/2001/XMLSchema-instance" xsi:schemaLocation="http://www.loc.gov/MARC21/slim http://www.loc.gov/standards/marcxml/schema/MARC21slim.xsd"><leader>00932nam a2200277 c 4500</leader><controlfield tag="001">991000106619705502</controlfield><controlfield tag="005">20230602165016.0</controlfield><controlfield tag="008">190613s2019    sp      s     000 0 spa d</controlfield><datafield ind1=" " ind2=" " tag="020"><subfield code="a">9788498953671</subfield></datafield><datafield ind1=" " ind2=" " tag="035"><subfield code="a">(swissbib)125753101-41slsp_network</subfield></datafield><datafield ind1=" " ind2=" " tag="035"><subfield code="a">125753101</subfield><subfield code="9">ExL</subfield></datafield><datafield ind1=" " ind2=" " tag="035"><subfield code="a">(RERO)R008934366-41slsp</subfield></datafield><datafield ind1=" " ind2=" " tag="035"><subfield code="a">(EXLNZ-41SLSP_NETWORK)991149990169705501</subfield></datafield><datafield ind1=" " ind2=" " tag="040"><subfield code="a">RERO geules</subfield><subfield code="d">CH-ZuSLS</subfield></datafield><datafield ind1=" " ind2="7" tag="072"><subfield code="a">es</subfield><subfield code="2">rero</subfield></datafield><datafield ind1="1" ind2=" " tag="100"><subfield code="a">Juana Inés de la Cruz</subfield><subfield code="d">1651?-1695</subfield><subfield code="0">(IDREF)027420329</subfield><subfield code="4">aut</subfield></datafield><datafield ind1="1" ind2="0" tag="245"><subfield code="a">&lt;&lt;El&gt;&gt; sueño</subfield><subfield code="c">Sor Juana Inés de la Cruz ; ed. y comentario de Emil Volek</subfield></datafield><datafield ind1=" " ind2=" " tag="250"><subfield code="a">Nuevo texto establecido</subfield></datafield><datafield ind1=" " ind2="1" tag="264"><subfield code="a">Madrid</subfield><subfield code="b">Visor Libros</subfield><subfield code="c">2019</subfield></datafield><datafield ind1=" " ind2=" " tag="300"><subfield code="a">133 p.</subfield></datafield><datafield ind1=" " ind2=" " tag="336"><subfield code="b">txt</subfield><subfield code="2">rdacontent</subfield></datafield><datafield ind1=" " ind2=" " tag="337"><subfield code="b">n</subfield><subfield code="2">rdamedia</subfield></datafield><datafield ind1=" " ind2=" " tag="338"><subfield code="b">nc</subfield><subfield code="2">rdacarrier</subfield></datafield><datafield ind1="1" ind2=" " tag="490"><subfield code="a">Colección Visor de poesía</subfield><subfield code="v">1067</subfield></datafield><datafield ind1="1" ind2=" " tag="700"><subfield code="a">Volek, Emil</subfield><subfield code="d">1944-....</subfield><subfield code="0">(IDREF)028515587</subfield><subfield code="4">edt</subfield></datafield><datafield ind1=" " ind2=" " tag="830"><subfield code="a">Colección Visor de poesía</subfield><subfield code="v">1067</subfield><subfield code="w">(RERO)0348399-41slsp</subfield></datafield><datafield ind1=" " ind2=" " tag="900"><subfield code="a">REROnoselfmerge</subfield></datafield><datafield ind1=" " ind2=" " tag="993"><subfield code="a">BFLA 296019</subfield><subfield code="x">ge/ules/a19/747-24</subfield><subfield code="9">local</subfield></datafield></record>
</metadata></record>