<record><header><identifier>oai:alma.41SLSP_UGE:991000105999705502</identifier><datestamp>2023-11-25T01:52:41Z</datestamp><setSpec>uge_bcen_RapidILL_BOOK</setSpec><setSpec>uge_aaca_RapidILL_BOOK</setSpec><setSpec>uge_abels_RapidILL_BOOK</setSpec><setSpec>uge_dbu_RapidILL_BOOK</setSpec><setSpec>uge_cmu_RapidILL_BOOK</setSpec><setSpec>uge_mail_RapidILL_BOOK</setSpec><setSpec>uge_abbat_RapidILL_BOOK</setSpec><setSpec>UNIGE_ALL</setSpec><setSpec>uge_aobs_RapidILL_BOOK</setSpec><setSpec>uge_acar_RapidILL_BOOK</setSpec></header><metadata>
<record xmlns="http://www.loc.gov/MARC21/slim" xmlns:xsi="http://www.w3.org/2001/XMLSchema-instance" xsi:schemaLocation="http://www.loc.gov/MARC21/slim http://www.loc.gov/standards/marcxml/schema/MARC21slim.xsd"><leader>02405nam a2200457 c 4500</leader><controlfield tag="001">991000105999705502</controlfield><controlfield tag="005">20230809072035.0</controlfield><controlfield tag="008">080529s2008    gw ||||| |||| 00| ||ger d</controlfield><datafield ind1=" " ind2=" " tag="020"><subfield code="a">9783593387550</subfield></datafield><datafield ind1=" " ind2=" " tag="035"><subfield code="a">(swissbib)106791362-41slsp_network</subfield></datafield><datafield ind1=" " ind2=" " tag="035"><subfield code="a">106791362</subfield><subfield code="9">ExL</subfield></datafield><datafield ind1=" " ind2=" " tag="035"><subfield code="a">(RERO)R004709862-41slsp</subfield></datafield><datafield ind1=" " ind2=" " tag="035"><subfield code="a">(ALEX)bv001397475</subfield></datafield><datafield ind1=" " ind2=" " tag="035"><subfield code="a">(EXLNZ-41SLSP_NETWORK)991143996819705501</subfield></datafield><datafield ind1=" " ind2=" " tag="040"><subfield code="a">DDB</subfield><subfield code="d">CH-ZuSLS</subfield></datafield><datafield ind1=" " ind2="7" tag="072"><subfield code="a">ss</subfield><subfield code="2">rero</subfield></datafield><datafield ind1="1" ind2=" " tag="100"><subfield code="a">Moser, Julia</subfield><subfield code="0">(RERO)A013998374</subfield><subfield code="4">cre</subfield></datafield><datafield ind1="1" ind2="0" tag="245"><subfield code="a">&lt;&lt;Der&gt;&gt; schweizerische Wohlfahrtsstaat</subfield><subfield code="b">zum Ausbau des sozialen Sicherungssystems, 1975-2005</subfield><subfield code="c">Julia Moser</subfield></datafield><datafield ind1=" " ind2="1" tag="264"><subfield code="a">Frankfurt am Main</subfield><subfield code="b">Campus</subfield><subfield code="c">2008</subfield></datafield><datafield ind1=" " ind2=" " tag="300"><subfield code="a">274 S.</subfield><subfield code="b">Tab., Abb.</subfield></datafield><datafield ind1=" " ind2=" " tag="336"><subfield code="b">txt</subfield><subfield code="2">rdacontent</subfield></datafield><datafield ind1=" " ind2=" " tag="337"><subfield code="b">n</subfield><subfield code="2">rdamedia</subfield></datafield><datafield ind1=" " ind2=" " tag="338"><subfield code="b">nc</subfield><subfield code="2">rdacarrier</subfield></datafield><datafield ind1="1" ind2=" " tag="490"><subfield code="a">Schriften des Zentrums für Sozialpolitik</subfield><subfield code="v">Bd. 16</subfield></datafield><datafield ind1=" " ind2=" " tag="504"><subfield code="a">Literatur: S. 249-274</subfield></datafield><datafield ind1="0" ind2=" " tag="505"><subfield code="a">1. Einleitung - 2. Theoretischer Rahmen und Hypothesen - 3. Das politische System der Schweiz - 4. Der schweizerische Wohlfahrtsstaat zu Beginn des &quot;Silbernen Zeitalters&quot; - 5. Arbeitslosenversicherungsreformen (1975-2005) - 6. Krankenversicherungsreformen (1975-2005) - 7. Familienpolitik (1975-2005) - 8. Rentenreformen (1975-2005) - 9. Gegen den Strom</subfield></datafield><datafield ind1="8" ind2=" " tag="520"><subfield code="a">Die Schweiz hat ihre wohlfahrtsstaatliche Sicherung auch nach 1975 ausgebaut, zu einer Zeit, als viele Länder bereits drastische Kürzungen vornahmen. Wie kam es zu diesem Ausbau gegen den Trend? Julia Moser erläutert, welche Veränderungen auf dem Arbeitsmarkt und in der Familienstruktur diesen Ausbau nötig machten. Sie spricht von einem notwendigen sozialpolitischen Aufholprozess, da das alte System den Anforderungen der postindustriellen Gesellschaft einfach nicht mehr gewachsen war. [Hrsg.]</subfield><subfield code="5">RERO/vdcdsp/05.2013</subfield></datafield><datafield ind1=" " ind2="2" tag="650"><subfield code="a">Social Security</subfield></datafield><datafield ind1=" " ind2="2" tag="650"><subfield code="a">Insurance, Health</subfield></datafield><datafield ind1=" " ind2="2" tag="650"><subfield code="a">Pensions</subfield></datafield><datafield ind1=" " ind2="2" tag="650"><subfield code="a">Public Policy</subfield></datafield><datafield ind1=" " ind2="2" tag="650"><subfield code="a">Socioeconomic Factors</subfield></datafield><datafield ind1=" " ind2="2" tag="650"><subfield code="a">Social Security</subfield><subfield code="x">economics</subfield></datafield><datafield ind1=" " ind2="2" tag="650"><subfield code="a">Social Security</subfield><subfield code="x">history</subfield></datafield><datafield ind1=" " ind2="2" tag="650"><subfield code="a">Insurance, Health</subfield><subfield code="x">economics</subfield></datafield><datafield ind1=" " ind2="2" tag="650"><subfield code="a">Insurance, Health</subfield><subfield code="x">history</subfield></datafield><datafield ind1=" " ind2="7" tag="650"><subfield code="a">1975-2005</subfield><subfield code="2">rero</subfield></datafield><datafield ind1=" " ind2="7" tag="650"><subfield code="a">État providence</subfield><subfield code="0">(IDREF)027611388</subfield><subfield code="2">idref</subfield></datafield><datafield ind1=" " ind2="7" tag="650"><subfield code="a">Sécurité sociale</subfield><subfield code="0">(IDREF)027263177</subfield><subfield code="2">idref</subfield></datafield><datafield ind1=" " ind2="2" tag="651"><subfield code="a">Switzerland</subfield></datafield><datafield ind1=" " ind2="7" tag="651"><subfield code="a">Suisse</subfield><subfield code="0">(IDREF)027249654</subfield><subfield code="2">idref</subfield></datafield><datafield ind1=" " ind2="0" tag="830"><subfield code="a">Schriften des Zentrums für Sozialpolitik</subfield><subfield code="v">16</subfield><subfield code="w">(RERO)2153225-41slsp</subfield></datafield><datafield ind1=" " ind2=" " tag="900"><subfield code="a">REROnoselfmerge</subfield></datafield></record>
</metadata></record>